5250 5525
868 700 925 778 De
937 695 1248 777 naeuttaemalrum
1263 694 1513 797 imaginatione.
1795 715 1852 791 59·

545 818 1851 853 ——n———u--n---u-—o--n--n--nu-

541 868 1852 983 tunCui&collumeratteflexum,quarecibueiuosdifficuitetinseti

542 997 689 1097 potuit:
713 993 930 1092 aliquandiu
947 992 1111 1074 Vienne
1124 992 1407 1077 Austrievixit,
1422 992 1477 1072 uti
1496 1015 1542 1067 ex
1558 980 1855 1080 sinceliorefert

538 1109 722 1210 Casparua
738 1106 1464 1210 Bathinuadefleanaplrad.uil.1.caa.u
1473 1102 1646 1206 p.119seq.·

641 1344 796 1446 Spinan
810 1344 962 1425 bifidam
977 1370 996 1425 a
1013 1345 1143 1428 matria
1159 1345 1433 1450 imaginatione
1444 1342 1643 1426 annotavit
1651 1337 1848 1437 ’Iohannes
1877 1327 2040 1428 ⁸25¹*-

537 1454 655 1554 Muys
676 1459 781 1533 Prux.
797 1458 884 1536 med.
899 1456 988 1536 daia.
998 1456 1126 1536 ration
1136 1459 1218 1538 Dec.
1238 1460 1306 1536 IX.
1327 1457 1551 1559 oisemo.
1602 1452 1777 1538 Puellam.
1791 1411 1985 1528 iti-ma

540 1566 696 1690 quiens,
712 1572 827 1649 trium
844 1570 991 1649 diemm
1015 1570 1140 1662 invisa,
1165 1594 1248 1675 que
1262 1593 1470 1650 connatam
1485 1572 1526 1648 iu
1542 1568 1684 1649 lumbis
1692 1564 1854 1685 gestabat
2022 1655 2026 1660 ,
2156 1567 2159 1578 ’

539 1702 754 1776 tumorem,
769 1688 887 1791 pugni
904 1686 1203 1792 magnitudinem
1217 1686 1496 1791 adaquantem,
1510 1686 1552 1765 in
1569 1681 1702 1769 medio
1719 1701 1851 1761 carno-

540 1801 640 1891 sl'lm,
657 1804 741 1884 alias
759 1808 988 1910 pellucidum
1001 1812 1112 1890 iniiar
1123 1808 1593 1912 vesacaeaquamlimpidam
1606 1802 1854 1886 continentis·
1930 1817 1933 1821 ’

541 1917 698 2024 Tumor
708 1921 1186 2008 hicindiesaccteseebatac
1201 1925 1375 2005 carnosus
1391 1923 1569 2004 evadebat
1585 1919 1852 2003 etiamilliclo·

542 2030 593 2120 ci,
606 2033 670 2110 ubi
684 2058 790 2114 antea
808 2037 1032 2141 pellucebat.
1081 2041 1280 2145 Postquam
1295 2061 1366 2144 per
1380 2039 1567 2118 trimestre
1574 2034 1733 2142 spatium
1743 2030 1851 2112 mise·

540 2172 624 2256 tam
638 2149 752 2229 vitam
770 2152 953 2247 traxisset,
970 2153 1249 2259 haecaegtotula,
1265 2154 1435 2236 motibus
1444 2154 1655 2258 epilepticis
1666 2170 1857 2253 correpta,

542 2263 696 2368 tandem
708 2289 847 2344 naturae
857 2267 1026 2347 debitum
1037 2266 1230 2373 persolvit·
1277 2268 1434 2346 Tumor
1447 2263 1532 2369 post
1547 2265 1853 2368 apertionemto·

544 2402 606 2462 tus
614 2379 789 2459 carnosus
798 2404 890 2471 erat,
904 2382 1007 2486 spina
1014 2406 1139 2462 autem
1150 2380 1246 2461 dorsi
1256 2381 1412 2479 subiedia
1428 2383 1470 2461 in
1487 2372 1852 2461 medioadeodivisa

543 2492 754 2596 apparebat,
770 2490 1075 2572 utfiisuraeovum
1086 2492 1349 2572 columbinum
1361 2490 1702 2598 potuissetimponi.
1752 2489 1855 2566 Cau«

542 2603 616 2685 sam
629 2608 736 2702 huius
753 2606 864 2710 spina
879 2607 1512 2688 bifidaeactumotislumbatishanc
1531 2603 1875 2704 redditdidlusau·¹

544 2741 628 2807 tot,
646 2741 803 2797 matrem
822 2721 1075 2827 praegnantem
1091 2720 1201 2826 supet
1210 2718 1361 2800 dorsum
1374 2719 1413 2800 in
1423 2745 1557 2801 tertam
1567 2711 1857 2827 prolapsamelse

544 2831 1241 2941 acposteasaepiusinterambulandum
1252 2827 1857 2936 manandorsolesoimposuiffe,

544 2951 646 3031 utita
654 2948 828 3026 dolorem
844 2948 1074 3052 aliquatenus
1091 2947 1314 3043 demulceat,
1328 2973 1441 3052 atque
1449 2950 1526 3028 hoc
1535 2946 1643 3052 patio
1650 2944 1775 3027 forsan
1783 2944 1856 3048 spi-

544 3066 641 3148 ritus
655 3066 834 3143 animales
851 3066 1062 3169 impetuose
1079 3066 1119 3145 in
1138 3068 1281 3170 spinam
1297 3066 1480 3161 dorsalem
1505 3063 1661 3144 infantie
1679 3062 1856 3170 provola.
2000 3062 2005 3069 “

543 3184 637 3261 runt
652 3178 829 3280 iliumque
845 3179 1118 3260 molliusculam
1134 3205 1177 3260 ac
1197 3200 1366 3260 teneram
1385 3177 1509 3258 adhuc
1523 3172 1755 3256 diffiderunt.
1802 3176 1858 3255 si·

544 3296 636 3377 mile
652 3296 814 3376 tumoris
830 3293 1043 3400 tapiformia
1059 3292 1097 3377 dt
1113 3294 1227 3401 spine
1242 3296 1366 3376 bifida
1382 3293 1600 3398 exemplum
1609 3288 1725 3373 refert
1734 3291 1857 3373 Nico-

544 3412 623 3494 laus
633 3412 797 3517 'sulpius
809 3411 889 3511 Obfi
892 3412 980 3490 med.
988 3411 1063 3493 Lib.
1079 3415 1101 3491 1
1105 3416 1126 3490 I
1131 3418 1153 3490 Ι.
1169 3432 1241 3514 cap.
1244 3441 1299 3507 30.
1302 3431 1341 3515 p.
1349 3440 1419 3508 ²42·
1435 3410 1472 3490 δι
1488 3408 1646 3513 quidem
1660 3406 1712 3487 ob
1727 3410 1857 3511 rapam

545 3526 752 3632 pregnanti
777 3527 884 3603 matti
906 3524 1122 3628 improvide
1153 3522 1383 3629 denegatam.
1441 3525 1561 3619 Cuius
1586 3520 1739 3628 repulsae
1763 3543 1858 3624 ergo

546 3648 699 3726 lumbos
712 3642 798 3722 suos
815 3642 878 3718 ubi
893 3640 1065 3744 perculsit
1077 3642 1333 3723 mulieranimi
1344 3641 1550 3744 impotens,
1559 3634 1645 3716 lesu
1653 3656 1858 3740 tantopere

546 3760 733 3845 tenellum
748 3755 863 3862 soetus
881 3755 934 3836 sui
950 3755 1232 3859 corpusculum,
1247 3755 1389 3834 utinde
1404 3754 1445 3830 in
1460 3752 1598 3831 lumbis
1612 3773 1718 3831 enata
1735 3748 1855 3858 sttipsi

546 3873 698 3980 insignia
713 3893 810 3975 rapa.
860 3867 937 3946 Sub
951 3886 1032 3972 qud
1047 3891 1199 3959 tumore
1216 3867 1254 3944 in
1273 3858 1763 3967 defundiocadavetesplnae
1772 3887 1855 3944 me·

544 3998 648 4079 dulia
658 3993 766 4097 plane
775 3989 891 4068 lacera
900 3987 1109 4090 apparebat.
1163 3986 1208 4062 Et
1218 4004 1287 4083 cap.
1299 4011 1345 4076 ²9·
1346 4001 1383 4083 p.
1395 4008 1468 4076 ²40·
1484 3980 1586 4059 idem'
1602 3969 1864 4062 autotmemie·

545 4111 859 4218 nitpaupercule‚
875 4106 1034 4210 septimo
1045 4104 1413 4207 mensepraegnantis,
1427 4100 1692 4207 quesupinain
1703 4104 1856 4182 lumbos
1978 4130 1983 4137 ·
2152 4118 2158 4131 ’

548 4227 707 4314 cecidit,
723 4221 784 4299 sed
801 4218 876 4298 fine
890 4216 1058 4296 evidenti
1074 4216 1172 4292 cutis
1189 4239 1302 4292 noxa.
1351 4219 1406 4294 At
1415 4211 1538 4291 insana
1547 4214 1588 4289 in
1596 4213 1718 4291 lucem
1728 4212 1856 4294 editus

545 4349 679 4439 habuit
695 4337 873 4444 inignem
889 4358 1079 4417 tumorem
1097 4337 1135 4410 iu
1153 4333 1308 4427 lumbis,
1330 4354 1412 4434 quo
1433 4330 1612 4438 adaperto
1626 4330 1771 4412 effluxit
1786 4329 1855 4438 ipd

546 4458 1007 4577 quidamfrequenaaqua,
1018 4450 1171 4540 sednon
1182 4447 1392 4556 minuaipsi
1403 4449 1488 4552 vita
1535 4445 1855 4632 Qasublanfldss
