5250 5525
784 693 839 767 '44
1165 682 1303 757 reno
1360 683 1388 756 1.
1439 680 1547 781 rapo
1599 682 1664 756 m.

784 800 1838 831 ——nn———u-—e--u—--n--q—-b

783 850 1080 953 nicepoctyphu.
1132 843 2018 953 IdemautoretiemdeconceptuconccptosPeriocb
2036 882 2083 925 ιι.

777 968 950 1067 μιψᾳ.
966 963 1196 1067 quandoque
1205 968 1310 1044 ovuli
1321 968 1361 1046 in
1376 967 1475 1045 tubis
1491 969 1836 1071 impregnationem
1851 970 1934 1047 fieri
1949 994 2085 1047 couce-

784 1076 1058 1155 dithisverbis:
1078 1078 1237 1156 Mascula
1253 1081 1373 1160 virtus
1388 1083 1441 1160 est
1456 1081 1993 1185 tantumspiritusuogenitali
2004 1081 2084 1159 sor-

784 1192 874 1268 tiori
889 1216 1002 1294 utque
1020 1195 1246 1296 generofiori
1254 1196 1441 1299 impetum
1459 1197 1690 1298 quandoque
1705 1198 1816 1276 faciat
1829 1200 1866 1274 in
1881 1193 1977 1275 uteri
1995 1219 2083 1295 pru·

781 1302 1730 1406 rieptisostielaterelia&seseinoviduciusevehat.
1780 1313 1923 1389 Exinde
1936 1313 1988 1387 est
2001 1337 2082 1389 cer·

781 1439 840 1511 te,
853 1445 898 1502 ut
906 1427 1124 1504 ovuminibi
1132 1449 1384 1531 preoccupet,
1402 1452 1475 1505 nec
1491 1428 1530 1503 in
1546 1432 1644 1507 uteri
1661 1429 1820 1507 fundum
1836 1430 1980 1533 prolabi
1998 1453 2082 1532 per·

758 1536 761 1540 ’
780 1538 915 1625 mittut,
930 1539 992 1618 sed
1006 1542 1161 1619 obvium
1179 1542 1270 1620 illud
1285 1542 1406 1619 media
1421 1546 1461 1621 in
1477 1545 1547 1633 vio,
1562 1542 1601 1620 in
1616 1543 1796 1622 ovidutiu
1811 1544 1960 1630 scilicet,
1969 1548 2079 1648 prole
2217 1535 2223 1544 ’

775 1651 1011 1755 impraegnet,
1023 1654 1085 1733 fibi
1096 1656 1194 1732 haud
1205 1656 1339 1739 minus,
1349 1678 1459 1755 quam
1469 1660 1577 1734 matri
1586 1683 1645 1759 per
1655 1659 1828 1733 niciosus.
1851 1656 2079 1759 Illincquip·

777 1782 845 1869 pe,
858 1768 916 1845 via
925 1769 971 1845 ud
980 1772 1250 1872 portumnullu,
1264 1769 1424 1849 misellus
1433 1771 1555 1849 infans
1572 1777 1712 1876 peccari
1723 1775 1876 1861 nescius,
1885 1777 2025 1877 peccati
2035 1775 2079 1853 fit

778 1897 882 1968 teuc,
896 1879 988 1958 dum
1003 1880 1103 1958 cede
1118 1882 1256 1958 nefaria
1275 1882 1348 1958 sese
1371 1882 1546 1983 suamque
1570 1909 1728 1962 matrem
1751 1886 1883 1961 misere
1898 1907 2080 1974 cruentur,

778 1998 844 2071 An
859 2019 951 2073 vero
958 1996 1147 2075 tuliomodi
1155 1995 1259 2073 ovuli
1269 1997 1505 2074 foecundutio
1517 2000 1556 2075 in
1569 2001 1678 2086 rubis,
1687 2026 1733 2078 un
1744 2002 1882 2082 veroin
1891 2003 2025 2081 ovetiis
2035 2002 2078 2077 fi·

778 2119 826 2194 et,
836 2107 950 2209 paulo
963 2105 1061 2187 infru
1077 2107 1126 2187 de
1140 2129 1331 2210 conceptu
1346 2108 1493 2186 tubario
1503 2110 1724 2187 videbimus.

1389 2241 1420 2315 §·
1468 2252 1500 2300 2.

592 2341 734 2445 W
826 2342 906 2424 Alii
920 2346 1214 2451 conceptionem
1231 2344 1271 2421 in
1279 2342 1354 2446 ipso
1362 2342 1461 2420 uteri
1469 2343 1626 2419 cavitate
1641 2340 1732 2429 fieri,
1742 2339 1954 2423 defenduut
1969 2368 2077 2424 outo·
2120 2341 2126 2348 ⁴

590 2444 734 2497 ’ΝΜ
775 2476 845 2545 roc,
853 2455 1032 2537 nimirum
1041 2458 1141 2555 juxta
1151 2457 1291 2559 allegati
1301 2453 1545 2535 Drelineurtii
1563 2452 1712 2531 Perioch.
1727 2482 1770 2529 ιι.
1772 2472 1810 2553 p.
1818 2483 1857 2527 ιι.
1863 2455 1941 2559 seq.
1960 2482 2070 2562 repu·
2124 2561 2128 2567 Ι

778 2570 934 2651 tendum
946 2575 1064 2662 venit,
1073 2597 1190 2653 ovum
1201 2596 1317 2650 omne
1327 2570 1483 2657 suiuhm,
1493 2568 1598 2669 quod
1615 2569 2078 2671 conjugiosorpfituterus,

777 2685 961 2790 quodque
976 2684 1140 2765 seminali
1157 2684 1290 2790 spiritu
1309 2681 1472 2761 musculo
1489 2676 2076 2786 sufficienterimpraegnatumest,

776 2792 1000 2875 foecundum
1017 2798 1162 2899 semper
1175 2818 1287 2897 utque
1302 2793 1517 2899 prolificum
1541 2790 1621 2868 effe.
1678 2791 1827 2870 Etenim
1844 2798 2018 2897 protinus
2028 2824 2070 2877 ac

776 2917 874 2993 uteri
888 2914 1011 2993 fundo
1026 2939 1142 2993 ovum
1157 2913 1309 3016 aliquod
1324 2913 1501 3012 conjugio
1511 2909 1677 3010 sorptum
1687 2912 1752 3002 est,
1765 2910 2072 2993 &nostruminfi·
2113 2907 2118 2914 ’

776 3035 856 3114 mul
873 3034 999 3113 semen
1012 3035 1052 3112 in
1069 3033 1168 3111 idem
1185 3033 1347 3112 fundum
1364 3029 1488 3107 sumus
1506 3026 1690 3123 circulati,
1704 3049 1808 3105 totus
1821 3033 2072 3130 prelibidinis

773 3147 1959 3254 oestro'gestitutermotutquecontrahiturntqueconglobatur.
1998 3152 2070 3225 Ex·

777 3258 867 3342 inde
879 3262 1306 3358 est‚utseminismasculi
1317 3258 1435 3337 virtus
1452 3261 1671 3336 intemerata
1688 3257 1784 3334 intra
1801 3257 1904 3335 suum
1922 3259 2013 3336 illud
2030 3286 2072 3337 o·

778 3374 2070 3488 vumtamuiuspontesuafermenteturarquefoecundetur.donecu-

779 3509 900 3586 terino
916 3505 993 3584 vase
1008 3529 1112 3583 novo
1130 3503 1327 3607 spirituum
1343 3498 1503 3603 impulsu
1518 3495 1748 3575 fermentum
1766 3499 1860 3576 istud
1877 3499 2067 3602 utquefoe·

778 3621 1009 3700 conditorem
1034 3619 1132 3698 illam
1153 3616 1293 3694 diutius
1307 3636 1419 3717 etque
1441 3613 1588 3714 plenius
1610 3615 1880 3712 promoverint.
1917 3616 2067 3692 Periocb.

778 3764 816 3808 ιι
829 3723 1670 3834 pag.25.fiq.ait:Exnaturrelegibusmusculum
1682 3728 1804 3800 semen
1816 3723 2069 3805 tuncdemum

777 3848 819 3923 in
833 3846 916 3923 ovis
930 3845 1294 3942 fermentaturrtque
1310 3837 1529 3918 vivificatur,
1540 3859 1656 3937 quum
1668 3835 1762 3911 istuc
1777 3837 1853 3932 ejus
1863 3861 1933 3914 ova
1944 3837 1982 3914 in
1993 3863 2067 3917 me·

777 3964 882 4042 tricis
898 3960 1058 4038 fundum
1073 3953 1672 4064 provolutoutquepropulsesunt.
1722 3954 1860 4053 Liquet
1875 3954 2007 4054 igitur,
2021 3982 2067 4034 o·

778 4103 870 4167 tum
884 4079 923 4154 in
941 4076 1132 4153 matricem
1147 4072 1381 4173 compulsum
1393 4069 1724 4147 masculidunturot
1742 4064 1890 4144 seminis
1905 4069 2068 4170 ingroffu

779 4189 995 4295 prolificum
1013 4186 1117 4271 fierit
1144 4185 1258 4286 idque
1275 4182 1321 4260 ab
1336 4182 1485 4259 Ademo
1499 4203 1624 4258 creeto
1639 4180 1683 4255 ud
1694 4177 1932 4257 novissimum
1949 4207 2069 4285 usque

780 4305 883 4385 diem
898 4327 974 4383 tom
990 4301 1330 4404 irrevocabililege.
1345 4299 1610 4376 utmortaiium
1621 4294 1899 4376 nemofiteliter
1908 4301 1965 4377 vel
1972 4326 2066 4378 con·

781 4440 913 4521 ceptus
927 4411 985 4494 vel
1000 4410 1271 4516 concipiendus
1287 4432 1475 4511 uuquamr
1499 4432 1587 4489 uam
1601 4408 1645 4487 in
1657 4408 1805 4488 animali
1813 4412 1959 4489 mortali
1968 4411 2066 4599 istpg
