5250 5525
816 684 873 759 De
886 686 1108 797 conceptionis
1120 682 1427 784 imprimentibus
1425 687 1620 781 sterilitate.
1805 683 1862 768 169
1975 635 1978 641 ¹

560 859 781 935 neanmoins
796 858 821 937 fi
828 862 1070 961 ¹certains,qu’
1080 862 1124 939 ilc
1139 810 1858 963 nepuiffent'mofflfflffi

559 972 701 1073 ptionir
709 973 817 1073 signis
823 972 931 1076 plura
946 976 1058 1078 paulo
1067 973 1222 1053 infrade
1230 974 1575 1080 graviditatiafignic
1582 972 1757 1077 reperies·

868 1245 872 1252 .
1030 1183 1260 1266 'CAPUT
1310 1185 1360 1263 X.
1438 1277 1441 1282 ¹

684 1343 759 1437 De
781 1341 1064 1483 conceptionir
1078 1342 1377 1475 impedimenta
1396 1331 1448 1443 d?
1458 1335 1707 1472 sterilitate.

513 1689 517 1696 -
562 1635 677 1808 AD
692 1635 946 1734 questionem,
965 1524 1478 1736 anfeminaelondeptionem
1493 1631 1678 1735 impedire
1690 1632 1827 1737 poilint
1839 1573 1907 1717 inu
1923 1578 2033 1732 femina

665 1751 865 1849 respondet
874 1748 1190 1832 MichaelAlberti
1211 1750 1369 1848 Jurispr.
1387 1747 1503 1828 maie
1511 1750 1637 1847 Cap4⁹
1651 1753 1679 1839 §.
1695 1771 1742 1836 rr.
1746 1773 1784 1851 p.
1792 1781 1852 1848 94.
1859 1740 2009 1834 “W‘'
2161 1791 2169 1805 ·

559 1862 634 1940 hoc
648 1867 811 1944 omnino
826 1868 934 1946 ruiis
951 1866 1075 1948 modis
1091 1865 1172 1943 fieri
1190 1862 1672 1965 potiequamvisdotiorer-
1687 1867 1779 1961 iuste
1796 1832 2017 1980 ἰυ-ἶτρᾏρ

561 1969 707 2057 dicent,
731 1973 835 2073 quod
853 1974 913 2053 illu
936 1975 1071 2054 mulier
1084 1970 1290 2050 excusanda
1303 1969 1462 2050 minime
1477 1967 1538 2061 lit,
1560 1993 1654 2071 que,
1668 1976 1853 2074 neconci·

562 2081 650 2181 piat,
666 2083 1096 2185 medicamentaaccipit:
1122 2077 1247 2160 Etuie
1261 2080 1528 2184 conceptionis
1540 2081 1857 2184 impedimentum

561 2207 590 2284 r)
606 2197 704 2274 malo
720 2197 788 2275 fitu
805 2198 841 2276 ἆ
858 2198 1037 2275 decubitu
1051 2195 1218 2275 succubae
1231 2198 1423 2281 coeuntia
1445 2209 1483 2279 2)
1500 2217 1681 2296 purgante
1697 2200 1859 2281 mediet·

563 2332 693 2387 mento
708 2336 801 2387 mox
822 2312 906 2413 post
928 2312 1072 2389 coitum
1093 2304 1302 2411 affumptoa
1330 2316 1365 2400 3)
1381 2304 1533 2408 quando
1550 2329 1641 2384 mox
1657 2310 1742 2411 post
1758 2311 1855 2408 hanc

563 2425 744 2504 carnalem
765 2427 966 2524 copulam
1019 2446 1064 2501 ut
1081 2443 1288 2522 exceptum
1313 2420 1455 2523 sperma
1485 2420 1684 2500 confestim
1705 2424 1832 2506 effluat
1839 2456 1856 2520 5

527 2589 531 2597 .
561 2532 689 2632 (quod
706 2557 796 2611 voro
811 2533 953 2633 signum
966 2531 1091 2608 adhuc
1104 2528 1301 2628 aliqualem
1319 2531 1460 2630 patitur
1478 2532 1765 2630 exceptionem
1796 2540 1854 2632 4)

566 2638 718 2747 quando
731 2663 817 2715 cum
832 2641 895 2716 ite
910 2637 1040 2716 affeelu
1064 2636 1101 2713 δι
1114 2658 1246 2735 magna
1260 2635 1449 2714 aversione
1463 2637 1602 2713 femina
1617 2642 1856 2741 compreffio-

564 2776 652 2831 nem
669 2753 740 2831 viri
753 2750 930 2843 admittit,
956 2745 1273 2852 quemadmodum
1290 2747 1389 2825 inter
1402 2769 1565 2853 amanter
1580 2751 1785 2854 conceptio
1800 2754 1855 2835 fa-

564 2861 683 2952 cilius,
697 2858 892 2938 interillos
908 2882 1011 2944 vero,
1029 2859 1095 2960 qui
1111 2857 1206 2956 odio
1221 2855 1259 2935 ie
1274 2857 1438 2937 invicem
1455 2855 1744 2963 prosequuntur,
1758 2862 1855 2946 diffi.

563 2971 890 3072 ciliuscontingit;
914 2977 951 3065 5)
975 2970 1129 3071 quando
1144 2995 1237 3048 mox
1255 2972 1341 3074 post
1356 2970 1500 3051 coitum
1519 2973 1711 3076 mingunt3
1736 2985 1775 3076 6)
1789 3005 1853 3075 aut

563 3085 669 3163 brevi
684 3083 767 3181 post
781 3086 820 3156 in
835 3080 1008 3156 balneum
1025 3077 1273 3163 descendunt,
1293 3086 1333 3176 7)
1348 3081 1427 3158 aliis
1452 3084 1572 3182 pravis
1588 3089 1856 3187 experimentis
1986 3136 1989 3140 ·

444 3235 450 3249 ·
567 3191 738 3299 genitalia
762 3187 928 3266 afficiunt
945 3190 1003 3265 vel
1025 3187 1209 3281 eluendo,
1241 3188 1300 3266 vel
1325 3189 1525 3291 suffimigiis
1545 3191 1795 3287 offenderam
1820 3213 1855 3298 8)

566 3304 718 3411 quando
747 3323 831 3377 ante
849 3299 994 3377 coitum
1017 3299 1287 3378 medicamenta
1310 3299 1520 3400 sanguinem
1550 3305 1800 3399 exestuantia,
1832 3340 1854 3395 e
2115 3378 2119 3385 ,

563 3425 699 3529 quibus
720 3418 830 3496 etiam
849 3417 1050 3518 camphora
1069 3416 1229 3500 eminet,
1250 3412 1442 3495 affumunt
1495 3417 1554 3493 De
1579 3417 1728 3522 relmuo
1755 3427 1855 3513 inter·
2008 3460 2010 3465 ¹
2126 3442 2130 3453 ’

565 3526 1031 3634 tutiore-venedifferitur
1047 3524 1180 3603 dealiis
1196 3522 1432 3604 adminiculis
1441 3551 1617 3605 venerem
1632 3533 1853 3638 extinguen.

566 3643 943 3733 tibus&sterilitatem
952 3622 1250 3729 conciliantibus,
1276 3638 1411 3745 utpote
1426 3641 1475 3720 de
1490 3647 1710 3736 Nicotiana,
1730 3654 1852 3759 stupe·
2011 3632 2021 3645 “

566 3764 804 3853 facientibus,
828 3759 1015 3861 precipue
1035 3757 1134 3859 opio*
1148 3756 1216 3834 &c
1274 3761 1382 3852 Juxta
1398 3757 1449 3834 du
1465 3762 1619 3865 Vernay
1634 3773 1855 3874 conceptio·
1890 3822 1895 3828 ·

566 3884 624 3961 nis
640 3876 953 3978 impedimentum
968 3873 1096 3964 subest,
1110 3896 1197 3950 cum
1212 3875 1263 3949 ob
1278 3875 1393 3951 variat
1408 3876 1449 3952 in
1464 3883 1669 3961 concubitu
1685 3885 1855 3975 clunium

568 3989 849 4076 succussationec
867 3983 1137 4087 &agitationes
1160 3982 1285 4060 semen
1302 3986 1412 4063 maria
1435 3985 1482 4064 ad
1501 3990 1614 4072 latera
1629 3998 1767 4098 vaginae
1780 4003 1856 4098 eja·¹

569 4105 735 4186 cuirtum
744 4096 933 4201 impingit,
956 4092 1050 4173 adeo
1063 4113 1106 4170 ut
1118 4088 1263 4169 aeliane
1278 4091 1337 4169 sua
1355 4093 1543 4194 privetur,
1558 4125 1618 4193 ac,
1630 4106 1735 4205 quod
1750 4112 1851 4190 cavi·

446 4238 448 4242 ·
570 4239 686 4302 tatem
701 4211 798 4289 uteri
810 4211 931 4289 subire
946 4209 1070 4299 debet,
1086 4205 1127 4284 id
1143 4230 1246 4285 extra
1261 4206 1478 4303 effunditur,
1502 4239 1544 4292 ae
1559 4220 1720 4321 proinde
1735 4226 1855 4309 inuri·

573 4337 607 4411 le
634 4322 771 4436 evadit,
789 4320 870 4403 vid..
884 4318 1014 4405 Nicol.
1030 4315 1161 4420 Blegn.
1184 4319 1313 4399 Zodiat.
1332 4322 1427 4399 Med.
1454 4325 1570 4406 Galle.
1591 4336 1658 4411 An.
1682 4339 1727 4412 ΙΙ.
1749 4341 1857 4436 mens?

491 4438 493 4443 ⁵
617 4445 843 4559 ffllsshah·
1348 4447 1384 4526 Υ
1740 4464 1851 4541 Mart·
