5250 5525
754 622 761 635 ⁰
891 753 893 757 ,
1014 661 1302 764 llrperfoerarimis
1316 641 1484 769 exempla.¹
1813 661 1912 768 299'
2005 691 2008 698 ’

578 783 1877 822 *ᾑὶ--ι-ι--ῄ--αῇψ

577 868 623 919 tn
640 869 733 919 vero
743 870 811 946 per
822 848 1166 947 superfoerationem
1176 872 1303 927 ortum
1313 852 1419 928 suum
1427 853 1590 944 traxerit,
1606 851 1763 929 dubium
1771 851 1881 951 equi·¹
1973 885 1975 889 ·

579 958 666 1034 dem
677 960 846 1046 videtum
872 963 1000 1065 potius
1009 985 1134 1041 tamen
1144 965 1362 1064 hancquam
1379 965 1478 1043 illam
1497 966 1722 1067 opinionem
1738 962 1877 1062 ample·

577 1068 666 1147 dior.
732 1074 853 1151 Priori
872 1077 1051 1178 equidem
1068 1078 1257 1158 sententie
1272 1080 1391 1172 favet,
1405 1082 1510 1183 quod
1526 1082 1704 1159 minimus
1718 1081 1782 1157 hic
1795 1103 1876 1157 em·

576 1180 672 1279 bryo
682 1184 802 1261 eidem
816 1188 964 1283 majoris
983 1191 1097 1268 foetus
1115 1192 1294 1295 placentae
1309 1195 1513 1281 adhaeserit,
1537 1194 1701 1293 indeque
1717 1189 1875 1274 uccella-

575 1293 1216 1392 riohaecduoovulalimul&semel,
1236 1307 1293 1400 uti
1311 1308 1352 1382 in
1365 1307 1536 1408 plurimis
1552 1305 1718 1406 gemellis
1726 1302 1886 1386 accidit,¹

576 1415 1206 1495 exoratioinuterumdescendilie
1223 1418 1429 1496 videantur.
1479 1416 1875 1518 Prosuperfoet'atione

577 1542 702 1601 tamen
718 1530 852 1606 adduci
866 1534 1002 1632 potest,
1028 1534 1133 1633 quod
1151 1537 1191 1609 in
1209 1534 1284 1610 hoc
1297 1531 1573 1633 embryuneulo
1588 1531 1683 1607 adeo
1697 1529 1820 1607 subtili
1836 1527 1899 1630 &s
1942 1601 1949 1613 ..
1986 1525 1989 1530 ’
2022 1562 2032 1582 ·

574 1662 691 1736 parvo
709 1645 854 1723 nullum
876 1650 986 1747 plane
1002 1651 1260 1751 corruptionis
1283 1651 1468 1727 indicium
1493 1641 1887 1736 fueritobservatum,‘·-

573 1756 678 1850 quod
688 1781 824 1842 tamen,
851 1762 874 1837 sr
890 1765 970 1839 ralis
986 1763 1222 1840 foetusunam
1237 1763 1473 1862 eandemque
1488 1788 1574 1839 cum
1590 1764 1722 1858 majori
1735 1784 1873 1837 conce·

571 1865 744 1965 ptionem
759 1870 949 1959 habuillet,
965 1892 1078 1969 atque
1093 1871 1178 1971 post
1193 1872 1337 1970 aliquot
1352 1871 1431 1947 dies
1448 1872 1507 1947 vel
1528 1872 1746 1973 septimanas
1760 1894 1780 1944 a
1793 1867 1873 1968 pri·
1994 1864 1997 1869 ’

574 2000 633 2051 ma
647 1975 877 2053 formatione
887 1981 1015 2054 vivere
1026 1980 1162 2055 iterum
1172 1979 1337 2059 destillet,
1355 1980 1493 2082 absque
1501 1977 1762 2056 dubiofatlum
1772 1973 1872 2064 effer,
1889 2011 1892 2016 ·

574 2083 1870 2193 liquidemintraejusmoditemporisspatiumlubtilillimumhoccor·
1991 2137 2000 2145 -

572 2198 766 2297 pusculum
776 2199 998 2277 facillimein
1008 2200 1282 2302 mucilaginem,
1297 2203 1536 2306 putredinem
1547 2199 1753 2279 &nihilum
1768 2194 1869 2274 redi·

570 2313 803 2417 gipotuillet.
874 2315 1069 2417 Qantum
1086 2339 1207 2394 autem
1225 2319 1453 2418 superiorem
1463 2314 1727 2412 objedlionem
1754 2308 1867 2390 nimi·

571 2442 655 2503 rum
670 2428 865 2529 utriusque
879 2426 994 2505 foetus
1010 2452 1077 2526 per
1099 2429 1255 2504 eandem
1276 2427 1484 2527 placentam
1505 2425 1635 2506 fudam
1659 2423 1886 2504 connexio-¹

435 2571 437 2575 ·
571 2541 818 2623 nemattinet;
845 2538 1429 2638 curquaesominorlricembryo,
1454 2534 1867 2639 insupetfoetationeex

571 2647 914 2725 ovarioaduterum
931 2647 1169 2748 perveniens
1184 2663 1263 2720 non
1278 2668 1385 2745 aeque
1399 2643 1548 2738 maioris
1561 2645 1676 2723 foetus
1691 2644 1871 2746 placente

570 2755 1069 2856 accrescerevelagglutinari
1084 2752 1270 2857 potuillen
1282 2753 1340 2832 uti
1356 2753 1396 2830 in
1413 2754 1617 2834 ostrearum
1633 2754 1733 2831 testis
1750 2748 1884 2853 sepis--

569 2875 658 2953 lime
667 2872 1194 2967 minoresmajotibuaadnataa
1202 2870 1428 2972 reperimus?
1451 2891 1538 2944 cum
1547 2892 1723 2970 preterea
1740 2869 1883 2945 mino·

570 2992 621 3070 ris
630 2991 737 3087 hujus
754 2989 868 3065 foetu's
882 2986 1077 3062 involucra
1092 2985 1128 3061 ἃ
1142 2985 1390 3082 placentulam
1399 3035 1412 3073 ,
1432 3005 1584 3085 reperto
1598 2983 1763 3080 ejusdem
1779 3007 1864 3060 coa·

571 3101 641 3178 litu
656 3147 669 3184 ,
703 3097 880 3171 facillime
895 3118 915 3169 a
930 3091 1061 3182 majori
1078 3090 1245 3190 placenta
1259 3090 1423 3188 separare
1437 3090 1578 3166 liceret.
1639 3091 1767 3166 Simile
1783 3089 1864 3182 fere
2015 3132 2019 3139 ·

572 3201 1030 3309 exemplumrefertetiam
1041 3198 1243 3273 Cornelius
1252 3197 1409 3296 Stalpart
1417 3220 1488 3271 van
1503 3197 1685 3275 derWiel
1701 3198 1865 3293 observat·
1888 3277 1896 3288 ‚
1926 3192 1930 3201 ’

573 3325 697 3400 rarior.
705 3340 788 3397 cent.
798 3323 826 3392 l.
841 3312 909 3413 obst
909 3339 966 3407 74·
973 3330 1011 3411 p.
1020 3337 1066 3387 nr.
1073 3335 1141 3402 5²3·
1155 3313 1348 3412 inquiens:
1373 3311 1783 3412 ElisabethaTomboy‚
1797 3312 1866 3388 ob-

571 3431 700 3507 stetrix
716 3445 928 3527 epuerpera
940 3418 1113 3519 geminos
1127 3419 1285 3519 excepit,
1304 3442 1472 3518 quorum·
1482 3419 1630 3497 alterius
1646 3420 1870 3499 membranae

572 3544 699 3617 omnio
709 3536 900 3636 quoddam
916 3551 1127 3608 accreverat
1140 3529 1415 3632 corpusculum,
1431 3531 1529 3609 haud
1537 3533 1653 3617 aliter,
1669 3557 1781 3636 quam
1791 3557 1866 3611 ma·
2006 3612 2027 3638 ο

571 3651 712 3747 joribus
728 3648 858 3722 ostreis
876 3644 1000 3716 minus
1018 3640 1246 3742 quandoque
1260 3641 1441 3729 adheret>¹
1462 3643 1568 3741 quod
1582 3643 1754 3722 funiculo
1768 3670 1865 3746 quo-
1903 3698 1910 3707 ·
2022 3690 2026 3698 ,

570 3766 657 3842 dam
673 3763 850 3860 placento
863 3752 1104 3849 conjuncium
1119 3778 1215 3846 erat,
1238 3755 1276 3831 ἃ
1290 3756 1330 3830 in
1346 3779 1426 3855 quo
1442 3756 1613 3856 parvulus
1627 3757 1743 3836 foetus
1758 3760 1867 3860 digiti
1900 3794 1904 3799 ·

572 3875 682 3954 instar
695 3867 841 3944 latebat.
890 3863 1098 3939 Hicautem
1108 3858 1864 3960 masculusomnibusabsolutusmembris.

571 3996 680 4073 altera
688 3977 1006 4089 pedoriimposrta
1014 4000 1138 4068 manu,
1154 3978 1214 4055 sed
1231 3979 1346 4056 durus
1360 3978 1576 4068 admodum,
1589 3974 1634 4057 'ac
1647 4002 1820 4082 tanquam
1836 4008 1861 4060 e
1881 3972 1887 3987 ”

570 4111 684 4186 latere
696 4097 807 4177 collo
822 4090 1052 4171 confisteret.
1074 4091 1338 4191 reperiebatur.
1392 4094 1620 4192 Sequentem
1633 4092 1860 4174 observatio·

571 4241 660 4300 nem
672 4213 730 4288 his
740 4205 862 4283 verbis
876 4201 1344 4295 commemoratJolrannes
1353 4203 1485 4278 Daniel
1500 4203 1675 4303 Geyerua
1690 4210 1743 4289 M.
1760 4208 1804 4282 N.
1821 4208 1868 4286 C.-

572 4335 714 4419 Denll.
728 4351 826 4418 anm·
838 4318 906 4419 obst
913 4346 976 4412 235·
994 4335 1118 4415 ΜΠ.
1168 4320 1338 4398 Honesta
1359 4319 1498 4400 femina
1519 4322 1728 4403 Manheruii
1746 4324 1861 4402 rediit

1239 4429 1348 4531 sz
1810 4457 1906 4513 ex·
