5250 5525
985 685 1041 763 De
1055 652 1263 782 conceptione
1268 702 1336 782 per
1338 686 1464 781 flatus.
1588 670 1871 830 ...Ι-1143

574 866 765 965 impotens
775 861 989 962 voluptatis,
1005 859 1164 939 senibus
1179 859 1443 938 fereomnibus
1453 858 1649 936 destitutus
1659 853 1765 930 humi
1774 869 1870 927 con·

574 979 734 1063 cideret3
760 980 812 1063 dc,
829 975 934 1077 quod
949 998 1027 1051 erat
1041 975 1154 1074 magis
1170 958 1597 1071 admirationedignum.
1615 964 1764 1047 seminis
1772 960 1869 1038 nihil

574 1097 798 1175 effundebat.
848 1096 1036 1170 Caeterum
1053 1112 1154 1169 tanta
1177 1091 1380 1190 voluptatis
1403 1087 1443 1165 vi
1465 1085 1630 1163 devicius
1660 1084 1724 1161 hic
1746 1080 1871 1157 homo

569 1212 771 1313 postunam
782 1234 957 1288 venerem
969 1235 1035 1310 per
1050 1209 1215 1285 mensem
1230 1207 1396 1285 libidinis
1413 1204 1685 1291 incitamentis,
1701 1202 1870 1279 &camis

574 1322 746 1423 igniculis
765 1345 891 1396 vacare
908 1317 1115 1396 consuevit.
1162 1318 1264 1396 Cum
1288 1339 1413 1393 autem
1437 1318 1560 1394 bonus
1582 1316 1641 1391 vir
1659 1312 1867 1414 virginem,

458 1504 460 1508 ,
569 1438 718 1537 plenam
736 1437 1048 1519 nubilibusannis,
1057 1434 1370 1535 consanguineam
1379 1432 1658 1521 domihaberet,
1667 1431 1772 1523 cuius
1788 1440 1869 1505 erat

573 1544 613 1621 in
629 1545 841 1623 domesticis
856 1546 958 1632 usus,
976 1549 1089 1632 hanc,
1106 1545 1204 1647 proh
1222 1543 1385 1634 facinus,
1405 1540 1638 1653 subagitavit3
1660 1541 1869 1642 quodcum

571 1657 710 1737 fecillet
727 1659 871 1758 saepius,
884 1656 1037 1735 tandem
1052 1658 1113 1735 illa
1128 1652 1307 1759 concepit
1323 1679 1439 1750 utero.
1491 1655 1609 1732 Tanti
1626 1653 1770 1732 sceleris
1784 1676 1869 1756 per·

571 1769 716 1846 crebuit
730 1767 824 1844 fama
839 1769 1088 1869 pervenitque
1105 1768 1150 1844 ad
1161 1768 1444 1868 praesulisaures,
1459 1765 1561 1843 unde
1569 1787 1773 1866 corruptor
1784 1763 1868 1840 vin·

570 1875 924 1953 culisucarceribus
934 1877 1047 1977 paulo
1057 1876 1141 1974 post
1149 1875 1306 1952 traditus
1314 1874 1399 1953 fuit.
1416 1874 1481 1974 qui
1491 1896 1617 1949 tamen
1626 1870 1794 1949 audader
1803 1894 1869 1949 ne·

570 1984 676 2088 gat&
687 1983 815 2060 fronte
823 1983 1009 2083 pervicaci
1017 1982 1145 2069 affecit,
1157 1982 1579 2086 segenituraeexpertem
1589 1981 1671 2073 esse,
1686 1982 1868 2085 acproiu·

570 2099 619 2173 de
636 2116 870 2193 nequaquam
884 2091 933 2168 de
945 2091 981 2169 se
996 2094 1181 2193 virginem
1197 2094 1408 2195 concepilie
1416 2145 1433 2183 ,
1451 2119 1585 2172 verum
1598 2093 1749 2170 aliunde
1763 2091 1869 2170 adhi-

571 2210 684 2289 buiffe
693 2210 825 2284 virum.
882 2207 1057 2285 Defedus
1073 2232 1195 2287 autem
1212 2210 1360 2287 seminis
1377 2209 1593 2305 hujusmodi
1609 2212 1718 2288 testes
1732 2207 1870 2311 proba·

572 2346 632 2401 tos
642 2319 802 2405 affert&
817 2318 966 2418 insuper
979 2320 1250 2418 experientiam
1266 2320 1461 2398 allaturum
1470 2320 1515 2408 ie,
1529 2321 1743 2421 pollicetur.
1794 2321 1870 2395 Pro

570 2456 678 2519 tanto
686 2454 824 2508 eventu
832 2431 1040 2506 consulitur
1056 2430 1293 2507 medicorum
1309 2434 1569 2508 Romanorum
1579 2433 1800 2531 collegium,
1812 2451 1867 2509 at·

568 2548 763 2645 queetitm
772 2541 1372 2628 Bononiense&Mediolonense;
1397 2559 1480 2641 quat
1494 2544 1663 2618 unanimi
1672 2539 1861 2640 conspira-

568 2678 612 2732 tu
622 2651 833 2753 responsum
844 2649 981 2724 dedere
987 2648 1096 2734 ,fieri
1116 2653 1332 2751 neutiquam
1343 2648 1516 2752 potuilie,
1529 2651 1861 2728 utmulierconce-
1932 2710 1934 2714 Α

568 2761 703 2866 perita
718 2758 818 2844 viro,
833 2756 897 2856 qui
914 2755 1052 2831 nullam
1067 2752 1226 2834 effundit
1239 2757 1460 2859 genituram.
1509 2755 1626 2862 Qod
1644 2752 1862 2858 responsum

571 2876 761 2958 medicum
772 2871 819 2949 de
828 2873 911 2963 viri,
926 2872 1064 2949 nullam
1079 2875 1286 2972 genituram
1301 2872 1507 2970 ejicientis,
1519 2872 1861 2952 infoecundocoitu

570 2988 789 3079 sententiam
799 2983 975 3085 equidem
983 2985 1022 3060 in
1032 3007 1178 3063 tanturn
1189 2985 1390 3063 confirmat
1405 2988 1634 3072 Sinibaldusr
1659 2990 1862 3085 quievero
1905 3028 1908 3036 ·

570 3101 720 3184 adducta
731 3100 866 3175 Marini
874 3099 1060 3198 Leopardi
1068 3100 1288 3185 observatio,
1302 3101 1794 3203 devirgineabsque-semine
1802 3103 1860 3177 via.

568 3216 629 3293 rili
645 3208 1149 3309 concipientmontrarium
1163 3210 1332 3298 testatur,
1356 3234 1437 3287 non
1458 3212 1651 3289 immerito
1667 3214 1763 3287 hanc
1777 3234 1860 3290 rem

569 3353 650 3406 nou
669 3323 740 3401 effe
756 3344 896 3400 temere
910 3323 1128 3423 negandam,
1143 3325 1297 3428 eiusque
1309 3346 1491 3405 eventum
1500 3328 1702 3406 naturalem
1711 3324 1782 3404 effe
1788 3343 1862 3429 po·

568 3442 685 3525 tuille,
703 3439 811 3518 variis
819 3438 1044 3528 rationibus,
1070 3440 1865 3545 aspiritibusdesumtis,defendit,hancque

568 3550 1536 3655 spirituumcopiarnnonmodoerrprurituvenereo,
1550 3558 1857 3639 sedetiamexin-
1912 3644 1914 3648 ,

568 3771 797 3847 extinclione
807 3771 1384 3869 probatcumttiamsecundum
1393 3774 1648 3851 recentiorum
1664 3778 1856 3877 phyliolo·

568 3882 741 3980 gicorum
759 3875 1001 3980 hypothesin,
1017 3904 1098 3958 non
1113 3901 1187 3957 tam
1202 3880 1332 3971 crulla,
1343 3903 1456 3981 quam
1472 3877 1861 3986 subtilisuspiriruosn

567 3987 840 4069 seminisvirilis
851 3988 1003 4066 materia
1015 3991 1060 4067 ad
1078 3988 1371 4092 conceptionem
1383 4015 1601 4080 concurrat,
1618 3993 1865 4097 craffaquete·

568 4100 865 4175 nuioristantum
878 4100 1092 4179 vehiculum
1101 4105 1407 4204 judiceturatque
1424 4129 1471 4181 ex
1488 4106 1564 4183 hoc
1586 4096 1865 4209 presuppofitu,

567 4208 764 4310 imprimis,
781 4205 870 4291 frea,
887 4233 969 4307 qua:
977 4210 1024 4287 de
1041 4234 1240 4291 atretarum
1256 4211 1292 4291 dc
1308 4214 1776 4315 ordinaritconceptione
1790 4209 1866 4293 five

567 4322 771 4399 erulorum
787 4319 1070 4401 secundatione
1084 4324 1258 4407 roclenus
1274 4326 1451 4419 diximus,
1464 4351 1543 4429 quo
1557 4328 1669 4406 etiam
1684 4324 1866 4429 pertinet,

1505 4456 1509 4462 ·
1750 4432 1860 4536 quod
