5250 5525
945 735 973 768 ,Α
1007 683 1065 758 De
1065 631 1352 781 stipetfoetationir
1364 685 1561 784 defitieom.
1844 703 1907 778 ²55
1960 638 1962 641 Ι

631 894 677 944 m.
693 897 754 947 roz.
780 872 1076 971 improbatur,
1097 889 1181 949 cuni
1197 898 1276 950 non
1292 871 1454 974 explicet
1468 875 1523 950 rei
1540 897 1725 958 naturam,
1747 872 1813 946 nist
1825 897 1909 951 ver·
1938 945 1941 952 .

632 980 767 1052 borum
783 978 1118 1056 circumvolutione
1132 1003 1211 1056 earn
1227 980 1404 1064 declaret,
1418 976 1462 1056 ut
1479 980 1524 1054 ab
1538 980 1618 1081 ipso
1634 977 1908 1058 failitaturnest·

631 1090 821 1187 Siquidem
835 1088 1020 1164 dicentes:
1043 1088 1146 1189 quod
1155 1089 1410 1187 superfoetetio
1418 1087 1631 1166 estsecunda
1639 1089 1804 1189 quedam
1813 1108 1907 1162 con·
1988 1085 1992 1092 ’

632 1204 768 1303 ceptio,
785 1199 1022 1302 possumus&
1038 1203 1133 1278 hanc
1145 1202 1342 1279 secundam
1358 1200 1647 1300 conceptionem
1656 1196 1907 1279 fallamintel·

631 1315 744 1414 ligere
758 1316 982 1413 postpriorit
991 1338 1193 1418 conceptus
1207 1316 1428 1392 editionem.
1482 1315 1528 1392 Et
1542 1316 1731 1415 Georgius
1744 1315 1907 1390 Francus
1985 1319 1988 1325 '

606 1488 610 1497 .
632 1446 744 1500 annot.
768 1425 807 1499 in
829 1424 965 1501 dis'tutn
991 1428 1158 1503 Zacclriae
1173 1428 1327 1516 locum,
1355 1425 1453 1504 recle
1472 1427 1583 1504 Penei
1604 1426 1865 1503 definitionem
1887 1445 1909 1501 a

632 1531 786 1607 Zaccltia
804 1534 915 1628 taxati
929 1536 1069 1623 scribit,
1085 1533 1734 1612 necmelioremelseSennettiaddit.
1784 1529 1908 1606 Ident-

628 1664 706 1736 que
718 1646 874 1717 Francus
888 1642 1117 1744 etiam-firtyr.
1129 1646 1243 1718 medic.
1258 1670 1300 1732 ¹3·
1314 1649 1341 1731 §.
1350 1667 1382 1733 3.
1391 1662 1430 1740 p.
1443 1667 1489 1719 m.
1503 1649 1570 1718 2'22.
1593 1641 1742 1739 iuquit:
1770 1641 1909 1716 Secun-

631 1748 720 1823 dum
738 1748 912 1825 Herculis
928 1752 1096 1825 Saxoniae
1109 1746 1782 1854 praxinsupetsretntionihilestaliud,
1794 1771 1909 1851 quem

629 1856 786 1936 secunda
800 1861 1003 1957 conceptio
1017 1857 1100 1957 post
1116 1857 1277 1958 primam
1291 1860 1392 1936 fasia.
1440 1861 1512 1936 Sed
1527 1880 1623 1958 quot
1638 1858 1910 1936 instantiasluec
1947 1934 1949 1937 .

581 1981 583 1986 ·
629 1975 770 2066 patitur
785 1968 985 2066 descriptio
1000 2017 1020 2054 ,
1033 1969 1133 2046 bone
1155 1972 1271 2048 deusl
1310 1995 1382 2047 nec
1402 1971 1522 2047 multo
1536 1970 1684 2046 videtur
1703 1970 1836 2047 melior
1848 1970 1909 2048 illc

630 2075 813 2156 Sennerti,
829 2097 910 2171 quae
924 2072 1061 2151 dicitur
1075 2074 1161 2166 else,
1177 2077 1328 2176 quando
1341 2103 1388 2155 ex
1403 2078 1551 2156 diversis
1566 2077 1811 2179 congressibus
1825 2079 1930 2180 plu-'
2031 2089 2075 2153 ..⁹¹

630 2214 689 2267 res
712 2191 837 2265 soetus.
844 2192 1123 2290 concipiuntur.
1196 2196 1378 2297 thvit
1399 2217 1522 2273 autem
1537 2195 1707 2302 Sennerti
1722 2215 1835 2294 atque
1848 2198 1911 2274 Se·
2038 2201 2068 2218 “’

630 2305 751 2380 xoniae
775 2303 1012 2383 definitiones
1036 2306 1193 2407 aliquam
1219 2311 1479 2388 obscuritatem
1503 2309 1641 2411 prese
1672 2309 1771 2386 serre
1804 2309 1913 2386 vide-
2074 2415 2080 2422 θ
2152 2379 2158 2388 ,

630 2434 764 2502 antur,
811 2413 875 2486 vix
900 2435 1023 2486 tamen
1051 2414 1159 2489 Parei
1184 2416 1374 2498 definitio,
1424 2437 1504 2490 mer
1531 2416 1683 2514 quidem
1716 2417 1909 2507 sententia,

630 2545 755 2617 neque
780 2545 799 2594 a
824 2520 936 2593 Paulo
953 2518 1108 2594 Zaccbia
1122 2570 1135 2609 ,
1170 2544 1309 2625 neque
1337 2547 1357 2597 a
1382 2522 1553 2620 Georgio
1571 2526 1715 2600 Franco
1728 2526 1909 2624 virgulam

630 2635 832 2712 censoriam
851 2630 1017 2707 tneruille
1031 2623 1195 2723 videtur,
1234 2633 1320 2711 cuni
1340 2658 1419 2709 non
1441 2635 1558 2711 modo
1579 2636 1720 2713 ibidem
1741 2636 1909 2716 mulieris
1977 2687 1980 2692 -

629 2744 795 2849 gravide,
810 2741 869 2819 sed
885 2743 994 2821 etiem
1011 2745 1079 2821 viri
1097 2744 1301 2824 concubitu
1314 2751 1451 2825 iterum
1467 2745 1775 2825 uscmentionem
1784 2747 1907 2828 facitt’

627 2869 707 2940 imo
720 2859 796 2960 ipse
811 2858 984 2935 Zacchiat
995 2860 1103 2936 Paraei
1113 2859 1220 2936 verba
1235 2859 1422 2962 proipsrus
1430 2861 1528 2960 quali
1541 2857 1775 2937 excusatione
1787 2861 1905 2939 addu-

629 2998 704 3066 cat,
717 2969 876 3059 neccsse,
891 2971 1076 3071 inquiens,
1085 2972 1194 3049 habet
1209 2974 1317 3049 Paraei
1331 2971 1502 3065 definitio
1515 2985 1656 3073 enque
1670 2969 1911 3073 misequitur,

628 3084 896 3165 declaratione,
912 3083 1107 3169 nimirum,
1131 3106 1216 3157 cum
1233 3083 1372 3159 scilicet
1390 3082 1661 3159 mulieradlruc
1675 3082 1821 3180 pmvlda
1837 3085 1909 3162 ite·
2057 3120 2061 3127 ·
2173 3142 2177 3149 .

630 3218 714 3273 rum
728 3193 906 3288 concipit.
956 3193 1075 3266 Porro
1084 3191 1243 3267 Michael
1260 3188 1498 3266 Ettmiillerus
1512 3206 1601 3285 oper.
1614 3209 1694 3264 tom.
1705 3194 1749 3263 11.
1752 3187 1817 3287 fhl
1826 3216 1911 3283 1⁰73·

630 3307 770 3406 inquit:
793 3296 1056 3404 Supersoetetio
1071 3299 1286 3403 fitquando
1299 3299 1455 3379 ovulunr
1468 3321 1604 3389 unum,
1619 3298 1656 3376 dt
1669 3301 1753 3400 poli
1764 3299 1911 3401 aliquot

630 3421 845 3520 septimanas
859 3417 917 3492 vel
933 3411 1073 3490 mense·
1088 3411 1250 3512 repetito
1265 3409 1393 3487 denuo
1407 3405 1599 3511 congressu
1607 3407 1705 3486 aliud
1713 3407 1909 3491 soecundo-

632 3552 705 3618 tur,
717 3531 819 3608 unde
825 3529 908 3628 post
918 3547 1063 3625 partum
1079 3523 1241 3621 primurn
1256 3523 1401 3624 'aliquot
1415 3521 1699 3622 septimanarum
1713 3523 1772 3601 vel
1781 3524 1910 3602 menli-

632 3662 696 3714 um
717 3641 806 3713 alius
828 3655 951 3733 partus
977 3635 1095 3709 vittlis
1123 3634 1345 3735 supervenit
1434 3634 1672 3707 Hermannus
1698 3633 1910 3713 Fridericue

631 3754 928 3849 Teichmeyerus
943 3746 1081 3840 institut.
1095 3742 1212 3825 merit.-
1223 3749 1320 3847 legal.
1329 3766 1483 3847 caprup.
1489 3769 1537 3839 75.
1564 3745 1909 3846 supersoetetionem

633 3875 684 3950 ita
709 3870 864 3947 delinit:
894 3865 1159 3965 Superfoetetio
1181 3864 1253 3941 five
1282 3864 1669 3967 superimpraegnatio,
1699 3868 1909 3962 germanice

528 4050 531 4055 .
641 3984 1007 4082 Ubersclwaengerung,
1043 3977 1094 4054 est
1108 3980 1333 4079 conceptio,
1370 3978 1474 4079 supra
1493 3974 1782 4075 conceptionem
1806 3977 1908 4076 fade,
1997 4058 2000 4063 ,
2070 4056 2078 4073 ,

634 4120 720 4171 cum
737 4093 874 4166 scilicet
887 4089 1020 4162 mulier
1033 4086 1098 4169 iam
1121 4087 1264 4184 gravide
1285 4087 1422 4162 iterum
1447 4104 1618 4160 exnovo
1634 4083 1738 4158 coitu
1752 4082 1789 4158 ἃ
1802 4108 1913 4164 novo-

635 4203 772 4278 semine
787 4202 898 4275 alium
920 4198 1063 4271 insimul
1081 4193 1216 4270 soetum
1234 4194 1412 4295 concipit.
1462 4193 1623 4271 Anutius
1639 4191 1782 4267 Fo'e‘fius
1801 4220 1906 4271 anno·

634 4333 697 4391 tat.
712 4311 748 4385 in
770 4312 961 4406 Hippocrat.
977 4304 1160 4404 opensecl.
1173 4306 1243 4381 Vll.
1252 4302 1287 4404 f.
1305 4316 1373 4396 256.
1419 4299 1760 4402 superfoetationern
1781 4323 1905 4403 cocco

1070 4460 1074 4467 ’
1757 4492 1768 4498 -
1790 4434 1904 4513 (ΙΜ
