5250 5525
749 632 819 705 300
1075 664 1077 673 ·
1131 617 1235 694 Seffto
1292 616 1376 694 m.
1425 604 1538 712 caput
1583 610 1648 687 ll·

750 733 2041 767 wm-

747 792 1283 894 exthetmisWisbadenstbus,
1303 796 1439 895 quibus
1447 783 2045 893 obsmgulatem&inconsuetum

751 909 895 986 ventris
909 931 1099 1004 tumorem
1112 912 1173 992 usa
1187 933 1287 1000 etat,
1307 933 1419 1011 atque
1434 932 1527 988 tunc
1541 907 1696 984 demum
1710 902 1747 981 se
1762 901 1953 1005 gravidam
1967 900 2048 980 seu·

751 1011 876 1094 tiebat·
925 1023 1089 1101 Demum
1105 1022 1246 1100 reversa
1260 1022 1350 1102 laeta,
1365 1020 1462 1096 circa
1477 1015 1645 1093 medium
1659 1013 1779 1091 nouis
1794 1013 1965 1114 ingentes
1980 1033 2049 1114 pa·

751 1122 911 1203 tiebatur
920 1132 1017 1209 nisus
1026 1133 1063 1210 dt
1078 1131 1241 1219 dolores,
1256 1130 1351 1206 adeo
1364 1153 1409 1207 ut
1423 1128 1544 1206 locltia
1552 1143 1795 1229 antepartum
1804 1124 2050 1228 profluerent,

753 1238 941 1341 ipsosottu
951 1269 1038 1322 cum
1048 1245 1107 1325 sua
1121 1248 1290 1347 placenta
1307 1245 1568 1347 subsequente,
1583 1244 1651 1345 qui
1667 1241 1775 1321 vivus
1789 1238 2050 1345 perfectusque

750 1348 791 1427 in
800 1352 976 1431 omnibus
985 1360 1209 1460 eratprimo,
1224 1354 1298 1448 sed,
1311 1354 1693 1459 accepto'priussacro
1702 1353 1823 1447 sonte,
1834 1347 2051 1454 exspirabat.
2133 1347 2138 1354 ’

609 1564 616 1582 ⁸
751 1471 883 1576 Qum
899 1501 992 1555 veto
1007 1479 1171 1581 penitius
1188 1478 1428 1557 secundinum
1445 1480 1679 1581 inspicerem,
1693 1500 1777 1579 quae
1791 1498 1884 1564 non,
1896 1472 1954 1550 uti
1969 1469 2053 1548 sete

752 1584 990 1690 plerumque,
1011 1592 1184 1691 oblonga,
1208 1590 1268 1667 sed
1283 1591 1389 1693 plana
1403 1592 1440 1669 dt
1456 1590 1619 1671 rotunda
1634 1614 1724 1684 etat,
1737 1589 1868 1667 inveni
1882 1609 1963 1664 eam
1978 1584 2053 1661 cit·

633 1783 638 1792 ,
752 1702 963 1780 cumdatam
979 1705 1102 1781 tenaci
1117 1706 1343 1797 membrana,
1364 1706 1482 1807 inque
1499 1707 1568 1785 hac
1582 1707 1766 1786 inclusum
1781 1704 1937 1781 alterum
1951 1698 2051 1776 lilio·

730 1878 734 1890 .
752 1804 831 1884 lum
848 1808 894 1885 ad
913 1810 1102 1912 spithamae
1116 1812 1404 1913 longitudinem,
1429 1813 1534 1910 cuius
1548 1813 1740 1895 funiculus
1755 1807 1976 1890 umbilicalis
1991 1806 2050 1884 in·
2122 1881 2130 1892 ,

750 1920 1120 2027 sertusetatproptiae
1135 1927 1332 2028 placente,
1345 1952 1428 2029 qua·
1443 1929 1548 2008 alteri
1561 1926 1759 2007 fortillime
1773 1948 1945 2005 connexa
1961 1941 2051 1998 erat.

751 2032 830 2110 Hic
841 2031 1001 2136 embtyo
1015 2035 1056 2112 in
1067 2037 1330 2115 omnibusetat
1344 2038 1542 2140 perfellus,
1557 2037 1622 2115 nili
1640 2038 1745 2139 quod
1762 2061 1904 2140 ungues
1917 2030 2054 2110 defice-

751 2168 847 2236 rent,
868 2150 1017 2227 interne
1034 2151 1230 2229 cerebrum
1247 2150 1284 2229 dt
1299 2150 1416 2251 hepar
1429 2176 1535 2256 etant
1547 2152 1720 2255 putrida,
1742 2178 1812 2230 cot
1832 2176 1924 2229 vero
1939 2150 2051 2227 instar

640 2365 642 2370 Ι
750 2261 877 2342 cordis
885 2263 1032 2354 alaude,
1060 2288 1168 2342 tenet
1178 2264 1289 2344 instat
1305 2264 1482 2367 phaseoli,
1494 2264 1684 2346 funiculus
1697 2265 1920 2372 umbilicalis
1934 2264 2050 2342 instar

750 2373 1048 2485 pennaeinsettus
1058 2377 1375 2486 hepati&velica,
1388 2379 1578 2485 pudenda,
1591 2406 1706 2472 aures,
1713 2382 1817 2461 oculi
1824 2380 1955 2484 glauci,
1972 2377 2050 2481 pal·

753 2496 889 2602 pebroe,
902 2496 1143 2585 omniasalva.
1186 2497 1853 2579 Hicinterobstetrieem&mulieres
1866 2494 2051 2575 adstantes

754 2635 836 2692 otta
844 2631 923 2692 erat
936 2612 1104 2715 questio,
1118 2635 1165 2690 an
1176 2603 1259 2690 ‘uno
1268 2612 1481 2715 eodemque
1494 2636 1669 2717 tempore
1683 2615 1764 2694 ltaec
1777 2611 1983 2714 conceptio
1997 2607 2053 2685 st·

709 2801 711 2806 ,
754 2721 809 2804 ua
817 2723 945 2817 fuerit,
957 2727 1169 2803 ancontta?
1194 2723 1324 2802 Dubio
1331 2724 1467 2825 procul
1475 2722 1913 2828 persuperfoetationem.
1952 2721 2050 2820 Qtoe

753 2836 824 2935 jam
834 2833 1539 2936 historiaeomnetluculenterptobant,
1551 2838 1816 2927 acceliillenon
1833 2860 1919 2914 raro
1932 2835 2051 2910 uteria

740 2950 916 3057 ¹grauidis
936 2970 1144 3050 conceptus
1159 2972 1282 3027 novoe
1298 2970 1413 3050 atque
1424 2947 1467 3025 in
1482 2950 1541 3027 his
1554 2953 1701 3051 genitos
1723 2951 1842 3031 foetus
1855 2973 1963 3029 natos
1979 2945 2051 3026 else

754 3066 872 3166 longo
887 3063 974 3166 post
985 3060 1087 3165 prius
1102 3082 1382 3164 conceptorum
1402 3050 1655 3141 exclusionem
1670 3086 1856 3166 tempore,
1870 3088 1934 3142 aut
1949 3063 1974 3139 st
1990 3088 2048 3141 ea·

753 3178 842 3258 dem
852 3201 938 3255 cum
948 3176 1005 3252 hia
1013 3173 1075 3252 die
1083 3176 1141 3253 vel
1151 3177 1255 3267 hora,
1271 3175 1513 3280 impersellos
1528 3177 1566 3258 δι
1579 3179 1839 3280 magnitudine
1849 3178 2052 3260 &confot-

725 3339 731 3349 -
752 3289 930 3379 motione,
944 3284 1087 3363 uthinc
1095 3285 1290 3370 tonaliter
1300 3311 1454 3390 arguere
1466 3287 1588 3378 liceat,
1600 3313 1711 3390 quatu
1720 3289 1793 3368 elie
1804 3316 1869 3371 eoa
1882 3292 2050 3391 juniotet

752 3398 825 3480 live
833 3397 944 3481 setius
959 3416 1180 3500 conceptos.

1335 3510 1369 3595 ς.
1415 3528 1469 3583 to.

578 3620 2051 3835 ditat,&tillituslllllll,slu‘f‚⁰zlllltllltlll

757 3852 817 3931 vel
834 3850 950 3936 molt,
967 3846 1028 3925 vel
1049 3845 1149 3925 uteri
1163 3843 1331 3932 inflatio,
1351 3842 1412 3922 vel
1425 3842 1597 3945 hydrops
1609 3846 1920 3951 deprehenditur.
1975 3851 2053 3927 Ta.

756 3967 832 4045 lem
846 3958 1212 4066 supetfoetationem,
1244 3977 1358 4056 quam
1372 3956 1554 4035 mentitus
1568 3958 1623 4037 est
1635 3983 1763 4038 motus
1783 3983 1961 4060 aquatum
1979 3963 2050 4061 hy·

758 4075 1009 4176 dropicarum,
1029 4067 1224 4149 annotavit
1239 4067 1370 4149 Paulus
1385 4073 1620 4148 Ammtnnua
1632 4073 1689 4151 M.
1703 4072 1747 4149 N.
1761 4072 1798 4145 C.
1814 4072 1933 4148 Decl.
1946 4099 2004 4150 an.
2016 4101 2049 4155 ι.

758 4183 827 4284 obs
832 4194 894 4268 136.
906 4202 940 4279 p.
947 4200 1021 4273 ²84
1073 4176 1606 4277 Ediditinquiennannotdtp.
1621 4181 1718 4259 intra
1727 4182 1893 4282 primum
1904 4185 1948 4261 ab
1956 4187 2051 4263 urbe

756 4295 877 4404 Lipfia
889 4293 1063 4401 lapidem,
1074 4292 1218 4394 inpage
1232 4290 1550 4396 Marci-Cembng,
1567 4295 1702 4377 mulier
1715 4296 1907 4394 cuiusdam
1913 4287 2050 4492 {hostici

1324 4440 1325 4443 ‘
1969 4439 2047 4507 um,
