5250 5525
770 681 833 766 140
1123 704 1128 712 ·
1179 671 1282 748 senio
1332 671 1362 746 l.
1412 669 1520 768 Caput
1575 670 1656 745 Vll
1659 671 1685 743 1.

784 800 2067 827 *—————d-—-———**————n
2164 805 2168 817 ι

771 853 820 949 se,
834 855 872 936 se
883 880 970 932 cum
983 854 1089 934 coitu
1102 878 1286 943 uteretur,
1301 881 1327 932 v
1340 878 1466 932 eretro
1483 854 1571 931 licet
1591 854 1739 956 optime
1759 873 1914 930 extento
1930 850 1967 930 dr
1983 851 2070 952 rigi·

776 967 842 1053 do,
855 968 981 1046 lemen
996 977 1120 1044 tamen
1136 966 1303 1062 circulari
1319 974 1399 1042 non
1415 961 1529 1065 polle,
1544 965 1714 1066 quamvis
1729 963 1844 1041 ille&
1864 988 1945 1040 non
1960 948 2073 1067 pauci·

778 1080 852 1170 alii,
865 1104 953 1157 cum
970 1078 1096 1182 aliquo
1104 1099 1278 1179 ternpore
1292 1079 1332 1153 in
1349 1078 1526 1178 conjugio
1542 1076 1730 1163 vixissent,
1746 1100 1895 1154 utentes
1912 1078 1965 1163 iis,
1988 1097 2071 1174 quae

777 1188 905 1267 semen
920 1208 1109 1288 augerent,
1121 1184 1169 1261 ad
1185 1209 1360 1261 venerem
1377 1182 1623 1268 exercendam
1640 1183 1778 1259 deinde
1794 1206 1968 1284 potentes
1987 1182 2069 1256 fue·
2154 1216 2157 1233 =

778 1292 870 1370 rint.
917 1292 979 1368 Sic
992 1291 1191 1369 Marcellus
1206 1293 1379 1369 Donatus
1393 1290 1436 1366 de
1450 1291 1565 1368 medic.
1581 1290 1691 1386 lassor.
1704 1292 1823 1368 miras.
1837 1291 1907 1368 Lib.
1924 1293 2070 1384 IV.cap.

779 1418 826 1484 rs.
840 1421 880 1501 p.
893 1429 969 1494 397·
991 1400 1137 1478 illustris
1158 1401 1302 1497 juvenis
1314 1404 1517 1495 meminit,
1539 1405 1667 1504 quiin
1688 1431 1852 1485 venereo
1874 1401 2068 1504 congressu

779 1534 870 1589 cum
888 1512 1045 1589 muliere
1062 1514 1186 1590 semen
1209 1512 1383 1590 emittere
1406 1513 1602 1613 nequibat,
1617 1517 1785 1615 quamvis
1802 1516 1842 1604 in
1858 1515 2008 1593 somnio
2019 1533 2068 1586 at-

652 1632 655 1637 ’
778 1650 856 1730 que
881 1628 1050 1706 manibus
1084 1627 1281 1731 perfricata
1303 1627 1486 1714 mentula,
1505 1627 1566 1703 vel
1591 1631 1697 1707 nullo
1721 1633 1877 1731 negotio
1891 1650 2073 1707 excerne-.

783 1762 860 1828 teta
892 1742 958 1843 qui
982 1765 1090 1820 autor
1107 1744 1217 1841 etiam
1226 1764 1308 1845 pag.
1319 1743 1389 1843 seq.
1412 1742 1517 1825 aliam
1532 1744 1622 1825 huic
1641 1743 1794 1824 ssmilem
1809 1748 1999 1833 historiam
2019 1744 2068 1819 de

610 1884 629 1905 ··
741 1874 745 1881 ·
777 1848 1025 1939 adolescente,
1040 1848 1214 1943 ministro,
1225 1854 1453 1946 domestico,
1468 1852 1644 1944 recenset,
1658 1854 1845 1947 confesso,
1859 1854 2066 1955 sequendo

778 1964 867 2043 cum
884 1966 1040 2044 muliere
1053 1948 1309 2057 remhaberet,
1323 1968 1449 2045 fernen
1461 1964 1653 2047 effundere
1669 1948 1748 2068 hon
1766 1969 1884 2070 polle,
1895 1992 1983 2045 cum
2001 1991 2066 2042 ve·

777 2090 825 2152 ro
840 2075 1034 2168 dormitet,
1048 2079 1252 2181 plurimum
1269 2082 1304 2158 ei
1327 2079 1453 2159 semen
1475 2077 1641 2179 prodire.
1692 2083 1818 2181 Quam,
1839 2079 2067 2174 observatio·

778 2204 868 2265 nem
887 2186 1000 2283 etiarn
1021 2213 1072 2279 ear
1081 2178 1184 2287 Rufo
1204 2191 1357 2275 adducit
1376 2191 1639 2287 Hieronymus
1661 2194 1891 2270 Mercurialis
1908 2190 2070 2268 Medeia.

778 2296 1380 2401 Pracwb.Ill.sa'p.59.fi›l.m.·44².
1405 2288 1645 2418 Coitudusine
1654 2301 2079 2401 ullaseminisejedlione

778 2398 975 2486 a'nnota'vit
990 2406 1101 2487 etiam
1119 2404 1328 2489 Fridericus
1343 2390 1781 2515 Christianns'siregur'us
1808 2397 2078 2491 misacon:

778 2522 846 2602 111.
860 2529 924 2601 An.
934 2525 1230 2624 5·&6·0bst287·
1238 2539 1361 2625 p.'645.
1388 2527 1528 2606 scilicet
1542 2531 1758 2632 virttiginta
1772 2553 1934 2633 quatuor
1947 2549 2066 2604 anno·

779 2664 865 2720 rum
879 2646 950 2740 iam
966 2647 1142 2726 undecim
1165 2671 1351 2726 annorum
1375 2648 1492 2749 spatio
1506 2673 1592 2747 curn
1614 2674 1733 2728 uxore
1756 2651 1795 2726 in
1819 2645 2064 2727 matrimonio

624 2780 637 2834 .·
705 2827 709 2838 .
774 2753 941 2843 -vixcrats
965 2780 1006 2836 et
1027 2748 1197 2859 quamvls
1217 2763 1331 2837 abeo·
1347 2750 2064 2862 temporesaepenumero‘congrelium

768 2867 1031 2962 celebrassent,
1045 2889 1095 2947 ne
1111 2873 1295 2980 guttulam
1310 2896 1436 2950 umen
1451 2867 1608 2973 liquoris
1623 2870 1662 2946 in
1677 2867 1785 2971 ipsius
1794 2891 1932 2946 naturae
1947 2866 2066 2943 finum

779 2980 923 3076 effudit,
938 3007 1148 3087 quanquam
1156 2984 1396 3081 {salaciafimus
1409 2984 1534 3062 fuerit.
1582 2983 1735 3079 Juvenis
1750 2983 1916 3061 Dalmata
1938 2980 2062 3059 forma

777 3096 936 3198 eleganti
951 3100 1143 3201 preditus,
1167 3102 1321 3178 moestus
1334 3097 1371 3177 dr
1384 3097 1495 3176 tristis
1514 3097 1560 3175 ad
1576 3099 1754 3202 Auratum
1770 3085 1984 3206 Lutitinum
2001 3121 2066 3173 ve·

776 3213 848 3300 nit,
861 3213 1336 3316 lemallemori,inquiens,
1351 3230 1462 3315 quatu
1483 3203 1598 3292 limile
1611 3211 1859 3315 vilium‘pati·;
1882 3213 1946 3292 hic
1964 3238 2068 3290 nam·

778 3354 854 3434 que
867 3355 954 3411 cum
969 3333 1095 3412 coibat
1109 3354 1198 3409 curn
1214 3329 1383 3420 muliere,
1398 3329 1543 3407 nullum
1556 3329 1751 3407 emittebat
1761 3329 1902 3419 ¹iernen,
1921 3330 1980 3408 sed
1996 3356 2067 3433 po·

777 3446 853 3524 tius
868 3446 1011 3521 ventris
1031 3448 1197 3547 crepitus
1214 3443 1357 3521 edebat.
1380 3443 1454 3518 vid.
1468 3442 1553 3536 Joh.
1567 3440 1746 3518 Schenck.
1767 3442 1847 3540 Obf
1854 3443 1970 3520 medic.
1992 3444 2067 3521 Lib.

776 3563 845 3638 Νι
852 3559 921 3662 sol
937 3587 983 3637 m.
994 3589 1063 3655 552·
1090 3586 1169 3666 quo
1181 3562 1272 3646 loeo
1298 3556 1570 3666 plura'exstant
1588 3557 1778 3664 exempla.
1830 3551 1941 3656 Jux'ta
1954 3553 2077 3662 lieliu.

778 3674 910 3754 Plater.
927 3671 1101 3773 Obseroat.
1121 3673 1208 3749 meai.
1232 3669 1306 3749 Lib.
1324 3675 1401 3772 lp.
1413 3695 1460 3746 m.
1481 3696 1551 3762 ²57·
1578 3663 1885 3776 conquerebatur
1897 3659 2084 3759 matrona

774 3792 958 3895 quedam,
971 3790 1017 3868 ad
1031 3813 1260 3891 conceptum
1285 3788 1336 3866 ob
1351 3807 1494 3865 atatem
1511 3807 1591 3862 non
1614 3773 1912 3885 ambitusidonea
1926 3783 1974 3862 de
1990 3775 2066 3865 tna·

773 3907 865 3997 rito,
882 3906 987 4007 quod
1002 3904 1193 4007 congressu
1217 3928 1299 3981 eam
1315 3905 1420 4002 supra
1436 3898 1593 3977 modum
1607 3920 1798 3986 exerceret
1819 3899 2066 3977 excruciaret·

777 4046 855 4125 que
878 4023 971 4100 citra
998 4018 1191 4125 spermatis
1207 4039 1332 4093 tamen
1356 4010 1580 4092 effusionem.
1631 4013 1713 4090 Cur
1726 4009 1910 4105 ejusmodi
1920 4013 2066 4108 veneris

773 4134 920 4231 equites
935 4132 1079 4210 coitum
1096 4151 1176 4206 non
1189 4124 1378 4203 absolvere
1393 4124 1451 4213 vel
1466 4125 1591 4201 semen
1601 4118 1774 4196 emittere
1789 4115 1936 4219 poliant,
1950 4126 2065 4202 varias

775 4246 927 4328 adducit
949 4243 1145 4322 Marcellus
1167 4243 1337 4318 Donatus
1357 4237 1423 4313 La.
1443 4256 1476 4335 p.
1487 4233 1560 4328 397.
1575 4227 1667 4334 seqq}
1681 4232 1767 4326 Joh.
1782 4234 1872 4309 Ben.
1887 4236 2063 4315 Sinibald.
2226 4310 2236 4322 ,

697 4419 703 4426 -
776 4360 1019 4460 Genesnrhrop.
1028 4359 1099 4436 Lib.
1108 4361 1172 4435 III.
1186 4357 1291 4435 Ίναᾶ.
1299 4382 1332 4450 3.
1341 4373 1412 4453 cap.
1418 4379 1452 4446 7.
1457 4372 1492 4452 p.
1503 4371 1577 4443 με.
1580 4349 1658 4451 seq.
1674 4351 1940 4454 Spermatolog.
1949 4354 2067 4541 ngstr,

2006 4494 2063 4569 dp.
