5250 5525
775 669 836 726 tro
1179 629 1283 724 Sedi'o
1334 646 1363 722 1.
1421 646 1528 744 Caper
1583 646 1671 722 Vll.

770 844 852 922 que
859 821 963 899 tubas
973 821 1018 896 ad
1028 824 1153 898 ovaria
1161 819 1385 909 ascenderet,
1400 825 1459 899 uti
1474 822 1584 899 multi
1602 825 1850 924 praetendunt,
1864 851 2008 906 certum
2018 853 2073 908 es·

773 931 2072 1019 setacevidens‚omniaovulainovariisinclusasrmuldeberefoecun·

774 1043 870 1136 dari,
882 1069 928 1122 ac
936 1046 1048 1146 proin
1058 1043 1216 1122 feminas
1231 1044 1403 1146 plurimis
1419 1046 1542 1122 ovulis
1558 1047 1671 1124 vitam
1688 1046 1761 1125 stne
1769 1049 1953 1127 concursu
1965 1054 2073 1128 maris

775 1161 901 1263 largiri
917 1160 1030 1264 polle,
1044 1161 1149 1262 quod
1164 1164 1204 1237 in
1219 1160 1362 1261 gallinis
1380 1159 1576 1237 observatu
1584 1159 1803 1238 facillimum
1813 1164 1875 1244 est.
1890 1162 2073 1239 ovafimul

776 1273 1701 1376 l'oecundatapolieasrnemareexcludentibusfotu
1719 1277 1794 1353 suo.
1826 1279 2070 1375 Qiaautem.

776 1390 834 1468 ttti
843 1413 890 1466 ex
905 1388 1129 1468 sectionibus
1145 1412 1221 1468 tam
1235 1392 1449 1490 gallinarum
1464 1391 1694 1494 aliarumque
1710 1394 1946 1481 volucrium,
1958 1417 2073 1495 quem

708 1499 711 1504 ’
780 1497 943 1601 ipsarum
953 1501 1157 1579 mulierum
1169 1500 1395 1580 sufficienter
1404 1524 1521 1604 patet,
1538 1526 1618 1582 oon
1633 1504 1761 1580 omnia
1773 1505 1938 1601 ejusdem
1954 1505 2074 1583 orarii

782 1635 870 1706 ova,
884 1640 1009 1714 neque
1022 1617 1064 1693 in
1079 1613 1235 1716 gallinis,
1249 1617 1614 1717 nequemulieribus,
1631 1616 1796 1711 ejusdem
1807 1621 2073 1721 magnitudinis

781 1732 898 1828 tt‘que
912 1724 1154 1828 perfeetionis
1172 1727 1232 1805 seu
1250 1729 1469 1805 maturitatis
1491 1729 1842 1832 deprehenduntur,
1868 1733 1914 1807 ad
1939 1755 2074 1808 conce·

779 1843 1733 1950 ptionemautemsempermaturaovarequiruntur‚
1747 1848 2073 1950 hincctiamappa·

682 1983 684 1989 ·
781 1979 854 2051 tet,
867 1981 949 2036 non
965 1960 1092 2038 omnia
1108 1986 1197 2054 ova,
1224 1960 1287 2038 sed
1294 1985 1435 2038 matura
1447 1983 1603 2048 tantum,
1618 1964 1663 2040 ad
1679 1963 1971 2063 conceptionem
1978 1983 2075 2064 apta,

781 2075 926 2178 reliqua
942 2100 1035 2154 vero
1049 2075 1172 2156 adhuc
1184 2079 1399 2168 immatura,
1412 2078 1449 2155 δι
1463 2077 1508 2153 ad
1523 2075 1988 2182 foeeundatiouemiuepta
2002 2076 2074 2155 effe

783 2193 996 2291 iudicandar
1009 2197 1598 2293 undeetiamJohaunesJacobus
1608 2200 1799 2276 Hardems
1816 2193 2077 2294 Prodrrmphr

777 2303 889 2408 βοὰς.
896 2327 967 2407 cap.
974 2323 1005 2394 8.
1011 2329 1048 2408 p.
1058 2333 1123 2386 tao.
1131 2312 1267 2412 inquit,
1280 2337 1351 2387 ova
1359 2311 1404 2387 ad
1419 2310 1581 2387 debitam
1598 2312 1846 2387 maturitatem
1858 2334 1975 2411 quum
1990 2333 2075 2409 per·

782 2421 1027 2501 venerunt&
1044 2423 1359 2525 magnitudinem,
1382 2425 1598 2528 tunicisque
1618 2426 1756 2501 vestitae
1770 2425 1873 2512 sunt,
1888 2426 2077 2502 servantur

786 2549 862 2638 pro
876 2531 1007 2613 futuro
1022 2559 1232 2638 conceptu,
1254 2537 1578 2616 foecundationem
1592 2562 1612 2614 a
1627 2537 1774 2640 liquore
1806 2537 1956 2640 genitali
1969 2535 2078 2613 maris

788 2643 1028 2748 summopere
1043 2643 1295 2729 desiderantia.
1344 2648 1407 2727 Ad
1423 2651 1666 2726 verba-autem
1675 2650 2078 2750 Goveyanamodore·

786 2760 923 2840 ceulita
938 2763 1070 2841 Daniel
1079 2760 1333 2844 Hoffmannus
1345 2766 1372 2841 l.
1380 2791 1414 2842 a.
1423 2765 1472 2843 ira
1480 2785 1773 2842 commentatur:
1796 2764 2077 2863 Consequentia

787 2878 1581 2985 hecnonomnibusaequecertavidebitur;
1605 2877 1799 2953 auraenim
1808 2878 1988 2955 seminalis
1998 2902 2079 2955 non

788 2997 921 3077 omnia
935 2994 1126 3098 aqualiter
1141 2998 1290 3100 attingit
1305 3016 1551 3101 penetratque
1566 2992 1694 3077 ovula,
1709 2991 2080 3086 necabov'arioejici·

787 3095 918 3197 untur,
931 3111 998 3189 nifi
1008 3112 1084 3205 illa,
1101 3135 1184 3213 que
1198 3111 1481 3195 foecundantur,
1498 3131 1570 3184 nec
1583 3103 1866 3194 ioecuudautur,
1880 3103 1948 3182 nifi
1961 3130 2080 3186 matu·

792 3226 1029 3324 dotalitium
1045 3227 1227 3331 disposita.
1277 3226 1523 3329 Quandoque
1537 3246 1662 3317 tamen
1672 3220 2014 3325 innostrisquoque
2024 3248 2082 3299 re·
2146 3289 2168 3309 ,.

789 3340 967 3444 gionibus
983 3340 1088 3443 plura
1105 3340 1207 3420 limul
1224 3342 1361 3420 eodem
1377 3341 1485 3417 coitu
1501 3340 1541 3414 in
1555 3336 2081 3414 feminarumtesticulisovula

790 3451 869 3531 line
883 3452 1064 3531 miraculo
1080 3452 1243 3532 irradiari
1257 3452 1427 3557 poliunt,
1440 3474 1483 3529 ut
1499 3447 1579 3526 uon
1594 3450 1713 3527 modo
1729 3450 1887 3550 gemini,
1910 3471 2004 3542 tres,
2019 3451 2080 3528 vel

790 3569 1133 3674 quatuor&plures
1142 3570 1257 3649 foetus
1266 3594 1343 3647 uno
1352 3592 1462 3674 partu
1470 3566 1593 3647 editos
1601 3568 1839 3678 reperiamus,
1855 3566 1989 3670 dequo
1997 3595 2081 3672 par·
2112 3630 2115 3636 ,

790 3680 1361 3761 mnumcroloalibisermoerit.
1389 3678 2080 3779 Adquaestionemquareabunocoitu

786 3793 888 3875 haud
903 3792 1038 3897 lingula
1050 3798 1247 3899 utriusque
1259 3794 1378 3874 orarii
1387 3794 1497 3871 ovula
1508 3792 1611 3871 fimul
1620 3790 1911 3872 foecuudentur?
1925 3794 2079 3900 respon·

779 3912 854 3992 'det
866 3910 1551 4015 JohannassigismundusElslaoltiusr
1571 3933 1660 4010 quo
1670 3908 1795 3987 minus
1808 3900 1847 3987 id
1856 3908 2080 3999 fiatdiverla

788 4021 909 4098 obstat
921 4021 1332 4123 partiumconlirudio.
1382 4017 1593 4098 Oviduilus
1608 4021 1712 4096 enim
1730 4019 1947 4119 gallinarum
1963 4024 2083 4105 retius

744 4186 748 4195 ·
788 4135 844 4212 est
859 4132 896 4212 ἃ
913 4133 1051 4217 laxior:
1073 4136 1114 4214 in
1130 4136 1563 4239 laomineveroangustus
1577 4134 1615 4213 ἃ
1628 4133 1722 4211 adeo
1731 4132 1931 4224 tortuosus,
1943 4161 1988 4216 ut
2000 4163 2085 4217 aura

787 4249 972 4332 seminalis
987 4274 1068 4328 non
1087 4250 1154 4330 nili
1175 4277 1296 4331 ovum
1319 4252 1493 4358 proxime
1516 4252 1683 4350 adjacens
1697 4250 1889 4330 ordinario
1904 4255 2085 4355 attingere

789 4362 1934 4475 poditlaaudteroiuxtaperuniversumpenetrareovarium.'
1948 4368 2086 4556 QOdli
