5250 5525
950 707 961 727 ·
999 681 1297 810 Andemarstgaa
1306 681 1562 783 grandinis?

537 857 540 866 ’
563 924 572 932 -
603 961 607 968 Ι
629 867 1005 970 deprehenderentur
1020 866 1137 952 srccae;
1163 866 1313 946 limulac
1331 893 1422 945 vero
1437 867 1662 947 semeu'hoc
1696 870 1835 948 iterum
1855 869 1929 946 ela.
2080 909 2085 926 ·

632 979 802 1069 bererur,
817 1003 913 1059 tunc
927 978 1040 1056 etiam
1057 978 1102 1054 ab
1110 975 1537 1073 ejusdemeffluxudiale
1545 999 1667 1084 partes
1675 980 1931 1080 irrigarentur.

631 1091 844 1176 Cumvero,
859 1089 1063 1167 secundum
1081 1088 1308 1166 recentiores
1325 1088 1578 1191 plyfiologos,
1590 1091 1666 1167 uiti
1684 1091 1809 1167 semen
1817 1091 1865 1168 ad
1875 1087 1932 1166 i'n·

630 1203 924 1301 gravidationem
940 1223 1020 1277 non
1036 1197 1289 1293 materialiter,
1306 1198 1368 1274 sed
1384 1199 1513 1302 potius
1527 1199 1759 1282 virtualiter,
1776 1196 1850 1274 five
1863 1225 1932 1302 per
1991 1225 1995 1232 ¹

633 1315 712 1390 vim
728 1313 914 1415 plasticam
931 1307 1003 1385 stre
1017 1307 1186 1412 spiritum
1203 1307 1354 1386 vitalem
1363 1307 1404 1385 in
1411 1306 1553 1386 semine
1561 1308 1751 1396 latentem,
1765 1332 1928 1388 concur·

633 1447 709 1510 rat,·
724 1446 837 1525 atque
852 1418 1024 1498 rariliime
1038 1417 1319 1498 substantialiter
1331 1419 1373 1496 in
1388 1418 1488 1496 uteri
1500 1421 1701 1516 cavitatem
1722 1420 1929 1516 injiciatura

633 1538 695 1619 fed
712 1541 932 1644 plerumque
947 1538 988 1612 in
1003 1535 1130 1637 vagina
1145 1535 1243 1612 uteri
1259 1531 1328 1637 per
1340 1557 1492 1637 tempus
1507 1531 1714 1625 remaneat,
1734 1538 1928 1618 interdum

632 1660 744 1734 eriam
753 1653 863 1754 paulo
878 1653 963 1755 post
974 1650 1294 1734 cohabitationem
1310 1650 1448 1728 iterum
1460 1652 1689 1754 prolabatura
1721 1651 1923 1732 sanedubi-

632 1765 877 1846 tandumnon
887 1763 953 1846 est,
969 1761 1182 1874 ipsocoittra
1195 1783 1395 1870 momento
1411 1787 1479 1863 per
1490 1762 1723 1864 spirituosam
1741 1765 1924 1861 reieclise·

632 1883 745 1960 minis
763 1900 909 1981 partem
924 1877 1083 1951 ovulum
1098 1875 1137 1950 in
1153 1873 1285 1950 orario
1302 1876 1663 1981 impregnarepoffe,
1674 1878 1819 1957 utadeo
1830 1882 1927 1960 nibil

540 1999 545 2007 '
633 1994 781 2084 referat,
796 1987 1201 2096 srvesemenltoccitius
1210 1985 1403 2068 fiveserioa
1414 2007 1466 2067 ex
1478 1993 1576 2068 uteri
1587 1993 1717 2094 vagina
1733 1992 1926 2074 relabatur.

632 2105 782 2186 Deinde
789 2127 944 2207 quoque
952 2124 1087 2181 notum
1102 2104 1171 2186 est,
1187 2101 1374 2203 liquorem
1390 2130 1411 2182 a
1427 2104 1579 2183 feminis
1586 2097 1926 2208 postcoha'bitatio-

631 2209 1925 2304 nemexcretum,nonsolumvirivelfeminael'emenelle,sedcommi·
1977 2287 1983 2299 ,

628 2327 723 2407 -sceri
740 2328 843 2412 fimul
858 2321 978 2402 serum
993 2323 1202 2423 quoddam,
1216 2349 1265 2400 ex
1279 2325 1462 2422 glandulis
1478 2327 1584 2408 dida
1600 2332 1750 2434 vaginae,
1767 2335 1925 2439 eiusque

630 2431 972 2516 lacunisexsudant,
988 2430 1093 2527 quod
1109 2453 1188 2505 non
1202 2429 1321 2505 modo
1330 2432 1368 2505 in
1376 2430 1458 2531 ipso
1465 2436 1671 2536 congrellu,
1686 2440 1747 2517 sed
1754 2441 1924 2542 aliquan.

631 2546 684 2623 do
692 2546 802 2621 etiam
812 2569 829 2617 a
839 2538 967 2614 lasciva
975 2537 1236 2613 recordatione
1245 2537 1304 2613 vel
1320 2540 1545 2631 titillatione,
1560 2567 1691 2644 magna
1709 2549 1801 2651 sape
1814 2553 1924 2654 copia

633 2652 786 2732 excerni
803 2646 914 2734 solet,
933 2641 1050 2743 atque'
1062 2643 1249 2721 veteribus
1271 2643 1398 2722 semen
1412 2649 1594 2726 muliebre
1610 2653 1815 2734 dicebatur.
1867 2663 1924 2739 Ut

631 2765 795 2875 proinde
805 2786 851 2839 ex
861 2760 969 2851 huius
979 2756 1113 2835 serirel
1123 2755 1389 2836 etiamseminia
1398 2755 1924 2854 retentioneliveerroretione

632 2867 1655 2980 nullumgraviditatisinfallibilelignumdesumipoliec
1702 2882 1926 2982 Qrodcou.

632 2992 755 3068 firmat
765 2981 944 3062 Nicolaua
954 2982 1121 3058 Venette
1135 2979 1193 3054 la.
1200 2998 1238 3077 p.
1248 2982 1354 3073 37²·ll
1364 3009 1483 3074 noua,
1498 2988 1690 3090 inquiens,
1700 2996 1921 3075 examinona

631 3131 680 3186 en
698 3100 910 3206 particulier
927 3119 1013 3172 tous
1027 3097 1080 3172 lea
1092 3095 1218 3194 lignes,
1242 3098 1921 3213 quel'oracroitetreleapluapropree
2045 3108 2049 3116 '

631 3228 755 3297 lnous
766 3212 898 3292 rendre
907 3211 1066 3285 certains
1076 3208 1163 3283 dela
1183 3208 1350 3309 groffesse
1367 3213 1645 3309 d’unefemme,
1660 3242 1922 3311 nouaverronr

630 3330 866 3410 clairement,
885 3319 948 3420 qu’
963 3317 1006 3394 ils
1023 3317 1199 3395 sonttous
1216 3318 1383 3399 douteux
1393 3347 1445 3400 ou
1453 3328 1709 3427 equivoquear
1730 3335 1919 3417 cardede·

630 3463 780 3521 meurer
793 3436 1011 3534 secheapres
1025 3431 1130 3511 avoir
1145 3429 1218 3509 este
1234 3430 1452 3523 embraliie,
1476 3438 1555 3515 cela
1573 3463 1668 3543 peut
1692 3449 1802 3525 venir
1822 3450 1918 3530 dela
1948 3460 1952 3467 '

630 3542 1894 3661 complexiondelafemme&delachaleurexcellavedeseapattiea.
1989 3604 1993 3611 ·

668 3833 670 3837 .
732 3763 932 3846 Orificium
951 3762 1048 3839 uteri
1063 3656 1254 3842 inter-nug
1273 3681 1487 3866 in3gravidia
1500 3769 1622 3846 claudi
1640 3773 1698 3851 uel
1707 3781 1913 3863 connivere
1941 3778 2035 3900 mm*

630 3884 805 3989 equidem
818 3879 975 3977 supraex
985 3878 1217 3979 Hippocrate
1225 3879 1400 3972 vidimus,
1413 3890 1596 3962 rationem
1613 3912 1828 3993 veroquam
1844 3900 1906 3978 ibi·
1917 3920 1973 3976 aera·
1989 3864 2091 4003 ηξςζ.

628 4007 716 4081 dem
725 3993 914 4075 lleurnius
922 3991 1034 4078 addit,
1046 3992 1224 4069 nimitum
1232 3993 1531 4076 neaersubcat&
1544 3996 2076 4114 semencorrurnparfffflsm
2098 4090 2101 4095 ,

507 4190 518 4201 ,
631 4107 1168 4198 sufficienamihinonvidetur,
1182 4108 1288 4206 quia,
1305 4109 1509 4191 secundom
1523 4122 1750 4223 paragrapho
1765 4150 1911 4215 antece.

524 4208 542 4287 Ῐ
630 4228 742 4304 dente
757 4216 866 4303 didla,
880 4214 994 4293 foetus
1009 4239 1089 4291 non
1105 4238 1151 4289 ex
1166 4212 1305 4305 semine
1320 4215 1522 4306 formatur,
1541 4224 1605 4301 sed
1619 4251 1666 4304 ex
1683 4229 1769 4309 &in
1777 4238 1906 4327 ovulo.

629 4336 1189 4449 quodprimisdiebuanondum
1199 4336 1429 4447 aulantem,
1440 4338 1829 4453 sedscptimodemum
1850 4355 1908 4431 vel

679 4453 907 4558 &malagna
1313 4452 1441 4530 ··Ccc
1810 4466 1907 4553 oeta.
2020 4538 2024 4545 ,
