5250 5525
773 702 835 777 150
1051 681 1064 757 ’,
1186 674 1288 753 senio
1330 677 1360 755 l.
1409 677 1517 778 Caput
1570 681 1634 757 IX.
1731 727 1734 736 ·

776 800 2071 832 —n---fln--c—-u———uflm

778 862 834 941 mi
849 858 997 962 infignis
1011 859 1226 938 observatur
1241 864 1406 948 varietas,
1419 860 1467 938 ita
1481 888 1529 939 ex
1549 864 1798 965 praetlominio
1816 860 1964 939 seminis
1981 863 2071 939 viri·
2180 913 2193 933 .

780 977 827 1056 lis
837 981 945 1056 fortis
959 976 1131 1054 muliebri
1147 976 1321 1052 debiliori
1335 978 1531 1052 commixti
1540 1003 1764 1075 generantur
1773 977 1926 1079 quidem
1942 1002 2072 1066 mares,
2198 1048 2210 1059 ,

780 1082 844 1162 sed
860 1091 983 1165 minus
1004 1085 1190 1187 generosrr
1230 1091 1395 1187 itemque
1411 1087 1629 1176 effoeminati
1652 1087 1723 1165 stre
1752 1087 1914 1165 semiviri
1934 1112 1979 1163 ex
1996 1110 2072 1170 ma·

781 1199 873 1277 sculi
888 1199 1078 1277 debilioris
1093 1191 1261 1275 femineo
1284 1197 1436 1274 fortiori
1458 1199 1567 1275 mixti
1589 1201 1738 1275 vitiorin
1756 1230 1765 1283 ;
1792 1204 1841 1276 ast
1859 1199 1928 1275 viri
1943 1200 2070 1273 animo

782 1312 968 1416 splendidi
980 1335 1217 1421 corporeque
1232 1311 1355 1402 validi,
1372 1310 1394 1386 st
1409 1311 1446 1386 dt
1461 1311 1660 1390 masculum
1687 1312 1944 1389 &femineum
1960 1307 2073 1386 fuerit

781 1420 900 1500 forte:
916 1422 1225 1522 Pariliquemodo
1233 1422 1384 1498 femine
1391 1421 1906 1525 mulierosrffimaegignunntr,
1917 1422 1939 1500 fi
1949 1422 2074 1500 semen

780 1535 820 1612 dt
837 1534 1036 1612 masculum
1054 1531 1304 1610 &femineum
1322 1532 1433 1608 fuerit
1442 1531 1584 1608 debile:
1610 1535 1667 1611 his
1675 1558 1796 1612 autem
1807 1533 1996 1620 fortiores,
2008 1527 2074 1605 ubi

778 1645 944 1724 masculo
959 1641 1082 1720 valido
1105 1642 1229 1722 debile
1254 1645 1480 1720 feminarum
1506 1648 1686 1723 accedens
1711 1646 1919 1721 obtinuerit
1942 1639 2065 1718 dorni·

783 1758 911 1844 nium
938 1760 975 1837 dt
989 1756 1154 1857 denique
1168 1758 1245 1834 istis
1262 1780 1419 1857 quoque
1432 1757 1647 1837 audaciores
1665 1784 1707 1835 ac
1722 1755 1901 1856 viragines
1917 1764 2073 1852 (nempe
2180 1829 2182 1834 ,

783 1870 909 1952 ritum
925 1874 1103 1951 &animo
1119 1873 1157 1950 ἃ
1170 1898 1334 1972 corpore
1351 1873 1568 1971 referentes)
1578 1876 1608 1952 'li
1622 1897 1821 1980 paternum
1838 1871 1982 1949 debilea
1998 1888 2075 1943 ma·

781 2010 895 2070 terno
910 1989 1092 2069 vincatur.
1155 1988 1320 2088 Qidam
1339 1995 1438 2069 hanc
1452 1993 1592 2072 causam
1617 1997 1812 2094 utriusque
1827 1980 2075 2094 patentisspi·
2133 2052 2136 2056 .

781 2101 917 2186 ritibus
931 2103 1152 2187 attribuunt.
1174 2100 1325 2177 &ideas
1341 2103 1540 2181 debiliores
1559 2130 1579 2181 a
1603 2106 1824 2182 fortioribus
1854 2103 1989 2206 partim
2008 2097 2073 2171 de·
2184 2101 2188 2107 ’

784 2220 887 2303 strui,
903 2222 1038 2322 partim
1060 2217 1174 2312 iuvari
1190 2215 1372 2298 afferuntr
1396 2219 1487 2294 hinc
1505 2223 1688 2319 Augustus
1709 2219 1893 2319 Quirinus
1916 2216 2075 2293 Rivinus

642 2353 644 2356 ’
787 2327 921 2428 Drsput.
943 2326 984 2403 de
1002 2327 1120 2427 Spirir.
1133 2326 1269 2403 Homin.
1289 2326 1387 2403 udal.
1404 2348 1479 2427 cap.
1486 2330 1561 2427 Α
1576 2353 1617 2405 ιι.
1641 2329 1769 2416 aderit,
1786 2330 1906 2405 ideam
1915 2325 2020 2402 sexus
2035 2322 2076 2395 in

784 2443 918 2549 'spiritu
932 2448 1009 2520 hoc
1024 2441 1230 2520 distinstarn
1242 2439 1328 2533 effe,
1351 2464 1462 2542 atque
1476 2444 1633 2520 inmaris
1646 2443 1785 2520 semine
1800 2441 1941 2516 latitare
1956 2440 2078 2514 ideam

786 2561 894 2643 sexus
902 2559 1018 2641 virilis
1026 2562 1238 2664 peromnir‚
1256 2562 1298 2637 in
1312 2559 1479 2642 mulieris
1494 2559 1634 2640 semine
1641 2560 1745 2638 sexus
1753 2558 1932 2659 sequioris
1947 2558 2082 2634 ideam.

746 2707 752 2719 ·
789 2676 1174 2758 cantore-minus
1187 2672 1356 2774 desemin.
1374 2675 1501 2751 Drilon
1516 2685 1545 2752 6.
1559 2694 1599 2776 p.
1610 2698 1654 2749 m.
1665 2685 1719 2768 ¹96
1719 2672 1779 2776 fij.
1786 2674 1924 2761 scribit,
1940 2672 2083 2775 sanguis

790 2789 942 2869 semine
963 2788 1074 2863 habet
1100 2787 1182 2864 vim
1206 2785 1491 2865 determinatam
1515 2787 1562 2864 ad
1589 2786 1698 2864 talem
1721 2788 2022 2886 generationem,
2044 2785 2082 2863 dt

791 2920 976 3000 quantum
985 2897 1038 2972 est
1053 2895 1102 2970 de
1114 2897 1161 2982 se,
1186 2898 1300 2999 magis
1316 2899 1360 2975 ad
1371 2898 1559 2986 feminam,
1573 2924 1684 3000 quam
1701 2899 1746 2975 ad
1761 2899 1973 2976 masculum.
2024 2894 2080 2970 Si-

790 3019 933 3096 militer
948 3010 1072 3088 semen
1091 3011 1243 3090 masculi
1262 3015 1316 3091 est
1337 3037 1617 3094 excrementum
1637 3016 1761 3092 ultimi
1783 3015 1969 3104 alimenti,
1982 3015 2079 3090 bene

791 3122 1031 3210 comodum,
1051 3125 1157 3222 quod
1175 3126 1287 3203 habet
1301 3128 1379 3203 vim
1395 3126 1546 3205 adivam
1561 3125 1607 3204 ad
1623 3124 1897 3227 generandum,
1912 3122 1950 3200 δι
1965 3147 2081 3223 quan·

791 3259 876 3318 tum
893 3234 946 3311 est
961 3232 1010 3308 de
1021 3231 1072 3320 se,
1087 3236 1273 3339 precipue
1287 3236 1502 3314 masculum.
1551 3240 1681 3314 Ambo
1695 3260 1819 3315 autem
1828 3237 1891 3312 ista
1906 3236 2083 3315 suntcor·

790 3366 905 3450 port,
927 3339 1089 3419 &debet
1110 3346 1209 3419 inter
1231 3342 1306 3443 ipsa
1326 3343 1398 3420 elle
1416 3343 1564 3440 adlioj&
1577 3342 1689 3446 paffio
1705 3344 1849 3421 ratione
1858 3346 2077 3445 qualitatum

792 3478 1080 3558 corporearum,
1101 3457 1288 3559 precipue
1311 3481 1403 3534 vero
1424 3458 1576 3541 calorii,
1598 3459 1635 3534 dr
1649 3458 1689 3532 in
1710 3458 1778 3534 hac
1795 3483 1916 3560 pugna
1931 3460 2081 3537 aelionis

794 3572 834 3652 dt
854 3567 1026 3676 pullionis
1042 3574 1171 3673 potestg
1185 3571 1489 3673 unumquodque
1507 3571 1546 3650 dc
1566 3572 1717 3649 vincere
1739 3573 1902 3651 &uinci
1920 3575 1991 3652 &c
2039 3576 2083 3650 Et

787 3709 940 3795 pagam.
964 3710 1120 3790 oportet
1134 3689 1175 3766 in
1183 3690 1322 3768 stmine
1334 3689 1461 3766 haberi
1472 3690 1637 3778 virtutes,
1647 3692 1882 3791 quantumad
1896 3694 1999 3768 istam
2010 3692 2084 3785 vir:

793 3820 938 3881 tutent,
952 3798 1095 3900 quippe
1115 3797 1318 3897 generandi
1339 3797 1539 3876 masculum
1555 3800 1613 3877 vel
1635 3799 1827 3886 feminam,
1848 3803 1885 3878 δι
1905 3801 2085 3879 virtutem
2116 3843 2121 3849 ·

796 3910 1000 4018 generandi
1022 3911 1094 3987 tale
1108 3910 1365 3988 individuum:
1403 3912 1522 3990 modo
1536 3913 1649 4014 igitur
1670 3914 1846 3991 stantibus
1863 3911 1921 3989 his
1936 3914 2086 4010 virtuti·

793 4026 867 4104 bus
882 4025 1006 4124 potest
1021 4022 1113 4108 fieri,
1127 4024 1234 4124 quod
1248 4025 1381 4127 aliquia
1396 4025 1727 4117 masculusvincat,
1752 4044 1935 4127 quantum
1950 4026 1996 4102 ad
2013 4030 2087 4104 vir·

796 4155 920 4214 tutem
940 4131 1209 4210 individualem
1226 4135 1393 4219 femine,
1415 4133 1478 4212 sed
1492 4159 1674 4236 quantum
1690 4134 1734 4212 ad
1753 4136 1931 4210 virtutem
1946 4137 2086 4214 mascu-

794 4248 874 4330 tl&
891 4244 1041 4324 femine
1055 4249 1229 4322 vincatur
1243 4269 1262 4323 a
1280 4243 1429 4330 femina,
1445 4246 1483 4323 dt
1498 4243 1546 4323 lic
1562 4246 1725 4323 nascatur
1741 4244 1879 4323 femina
1896 4247 2087 4347 fimilispa·

794 4358 859 4455 tri,
874 4356 1096 4446 telonaria,
1116 4354 1142 4434 fi
1161 4358 1393 4453 contrarium
1412 4357 1453 4436 in
1474 4359 1674 4443 virtutibus
1695 4359 1836 4439 accidat
1849 4359 1919 4447 &o
1975 4359 2088 4552 effi
