5250 5525
792 601 1106 804 L...
1225 657 1414 742 &⁸⁵0¹-
1473 665 2078 808 &uA-m...

793 816 1021 919 ampliorem
1037 816 1174 916 reddit,
1198 821 1452 901 etsrdutiticm
1464 821 1530 899 sub
1539 827 1656 901 exitur
1664 844 1812 902 tantum
1821 825 1940 903 finem
1948 823 2077 903 conse·

794 947 943 1028 quatur,
957 928 1034 1005 hoc
1043 927 1108 1023 est,
1123 929 1320 1035 postquam
1334 932 1490 1010 duilum
1506 932 1615 1010 illum
1624 958 1722 1039 pene
1730 938 1920 1038 integrum
1927 940 2078 1035 trajece-

792 1040 855 1116 rit.
908 1039 1635 1148 Porrolrallucinari,inquitduVerney‚
1665 1046 1881 1123 oratiorum
1898 1068 2077 1148 patronos

794 1142 1003 1244 afferentes,
1017 1151 1244 1255 phantastica
1257 1152 1323 1234 illa
1337 1179 1409 1232 ova
1425 1153 1595 1233 idealiter
1609 1158 1933 1259 continereparter
1943 1181 2078 1235 omnes

794 1257 920 1353 fretus,
937 1259 1245 1363 idenimfiforer,
1262 1264 1360 1346 nihil
1370 1264 2079 1369 aliudinillisovisrequireretunquarn

792 1394 837 1449 ut
845 1371 1124 1478 irriguiasuccir
1133 1375 1517 1459 uteroinhaerentibus
1534 1372 2079 1481 foecunditatcmacquirerent,

791 1482 869 1590 (uti
882 1486 925 1562 in
939 1481 1143 1563 seminibus
1159 1487 1373 1591 plantarum
1386 1484 1618 1588 observatur)
1627 1486 1751 1591 srcque
1766 1490 1902 1567 inutile
1920 1482 2081 1567 elletad·

792 1593 1109 1699 jungere'stminis
1123 1594 1319 1704 masculini
1332 1599 1433 1697 vim,
1448 1621 1491 1677 ut
1508 1598 1763 1678 excludantur.
1817 1605 1917 1678 Item
1935 1597 2080 1704 spiritus

795 1704 987 1812 pertubat
1005 1727 1070 1785 aut
1087 1705 1167 1787 uasa
1186 1705 1393 1813 unguifera
1401 1708 1449 1787 ad
1457 1709 1646 1790 testiculos
1654 1712 1840 1813 usqum-in
1848 1709 1985 1813 quibus
1993 1736 2086 1789 ova·

793 1819 943 1897 riorum
956 1816 1170 1898 defensores
1184 1822 1483 1924 conceptionem
1498 1820 1579 1899 lieri
1596 1820 1768 1919 credunt
1785 1820 1924 1902 deferri
1931 1821 2021 1900 ideo
2030 1822 2083 1899 du

690 1921 696 1936 ’
795 1931 950 2032 Vemey
971 1930 1190 2035 impugnat,
1212 1931 1303 2036 quia
1323 1929 1424 2010 tube
1450 1931 1600 2036 pollicis
1628 1932 1676 2012 ad
1692 1935 1899 2014 minlmum
1916 1931 2085 2013 distantia

797 2038 1012 2122 atefficulis
1028 2038 1165 2121 distent
1179 2066 1223 2121 ac
1237 2041 1358 2120 latum
1371 2042 1623 2146 ligamentum
1636 2044 1703 2123 has
1717 2044 1945 2148 amplectens
1961 2045 2086 2124 multe

796 2151 973 2257 amplius,
995 2177 1112 2255 quam
1128 2154 1331 2256 requiritur
1345 2151 1391 2232 ad
1408 2152 1535 2233 erade
1551 2177 1612 2242 eas
1635 2156 1907 2261 cooperiendae
1915 2207 1928 2247 ,
1943 2149 2088 2232 nccelse

797 2260 857 2355 fit,
872 2260 1016 2367 speum
1028 2262 1138 2344 uirile
1154 2263 1334 2369 diffipari,
1350 2283 1553 2369 antequam
1577 2290 1627 2345 eo
1643 2268 1857 2369 pertingere
1871 2287 1998 2368 queat.
2013 2267 2086 2343 &c

798 2376 869 2458 His
893 2394 1024 2458 tamen
1045 2373 1323 2479 objectionibus
1339 2373 1540 2483 respondet
1555 2375 1757 2460 Lietaudus
1772 2373 1859 2457 ibid.
1877 2375 2088 2487 musyum.

793 2505 837 2594 t·
854 2500 922 2581 158·
1471 2569 1474 2576 .

614 2649 617 2656 .
1361 2608 1397 2699 ς.
1461 2628 1511 2684 ιι.

661 2709 2086 2929 ιιιιιι]

1191 2880 1203 2923 ’
2069 2865 2091 2897 0.

619 2824 724 2991 Ἠ·

798 2936 1070 3019 nemhominir
1085 2933 1249 3015 sufficere
1263 2937 1311 3016 ad
1328 2934 1659 3016 demonstrandam
1674 2935 1784 3036 hujus
1797 2937 2089 3041 generationem

798 3074 845 3132 ex
861 3073 959 3144 ovo,
973 3048 1253 3152 hominemque
1267 3073 1313 3128 ex
1328 3049 1447 3128 mixto
1463 3047 1624 3154 parentis
1640 3050 1835 3150 utriusque
1843 3046 1985 3127 semine
1994 3050 2087 3126 oriri

798 3159 1100 3247 firseeontendit.
1155 3161 1494 3266 Sequienimrliac,
1509 3159 1616 3257 dicit,
1630 3153 2089 3240 liberocuonelledesub·

802 3274 1069 3381 stantiapatris,
1078 3269 1565 3373 cumhictantumtcausa
1573 3269 1757 3368 efficiens,
1775 3297 1857 3352 non
1865 3292 1907 3351 ut
1917 3274 2090 3349 materia·

750 3438 752 3445 ·
802 3387 851 3469 lia
866 3407 1115 3466 conuerreret
1171 3385 1308 3489 Sicque
1331 3385 1501 3464 nec-dari
1527 3382 1753 3462 morborum
1769 3382 2090 3461 hereditariorum

810 3490 1122 3603 ntiooerupolle.
1177 3497 1329 3575 Deinio
1338 3495 1473 3580 codice
1484 3493 1588 3573 sacto
1606 3491 1736 3572 semen
1750 3494 1854 3572 audit
1862 3494 2091 3599 principium

804 3610 1092 3716 conceptionis,
1107 3631 1191 3714 que
1204 3606 1352 3686 locutio
1368 3608 1500 3685 locum
1514 3603 1613 3714 apud
1626 3606 1854 3686 recentiores
1870 3601 2091 3703 nonhabet,

803 3724 873 3830 qui
888 3719 1025 3802 ioetum
1040 3721 1083 3800 io
1097 3743 1189 3819 oro,
1208 3717 1257 3798 ad
1269 3718 1476 3797 minimum
1491 3718 1677 3797 initiative
1692 3736 1780 3796 ante
1795 3717 2093 3821 conceptionem

804 3831 1381 3935 dumeammnadmtntquein
1389 3827 2094 3936 itrapmpriedicaneliliuselldevelex

803 3970 924 4055 patre,
942 3938 1547 4052 periodeacllatuaellexartifice.
1602 3940 2093 4053 animoconccptione·

801 4057 959 4165 quidem
968 4053 1253 4159 iouterofimet,
1268 4052 1295 4132 li
1310 4050 1358 4139 ad
1372 4050 1568 4157 Nigrisolii
1582 4072 1754 4131 mentem
1769 4052 1904 4131 eadem
1917 4057 1992 4152 jam
2010 4076 2093 4156 per·

805 4169 888 4257 acta
902 4162 1012 4270 ellec,
1029 4189 1233 4270 antequam
1250 4165 1410 4244 ovulum
1425 4161 1625 4242 descendat
1640 4164 1855 4245 aduterum.
1910 4164 2095 4274 Qircro

806 4284 862 4363 ita
880 4280 989 4362 stabit
1013 4279 1197 4360 allocutio
1213 4277 1338 4384 angeli
1351 4273 1401 4354 ad
1415 4281 1457 4354 Β.
1471 4275 1658 4353 Mniam:
1695 4273 1887 4380 concipies
1902 4275 1944 4352 in
1959 4272 2093 4353 uterol

805 4399 1050 4507 Quapropter
1063 4389 1184 4475 dctus
1197 4397 1323 4472 Autor
1336 4386 1467 4473 semen
1479 4384 1704 4471 mulieribus
1718 4384 1892 4491 adſtruit,
1908 4385 2096 4575 quopiaitlrp
