5250 5525
786 687 846 773 156
1068 711 1094 718 ··
1216 679 1321 757 Senio
1373 680 1401 754 Ι.
1442 680 1558 777 Caput
1609 682 1673 758 IX.

782 805 1113 828 m*-
1118 808 1917 834 *uun—n——a-—a-an
1926 812 2084 832 α-

788 858 827 939 &
841 860 912 955 jam
930 862 1009 952 hot,
1024 862 1095 958 iam
1114 863 1211 955 iilos,
1229 865 1386 942 subinde
1401 867 1513 944 etiam
1530 863 1731 969 gemellos,
1745 865 1804 943 vel
1819 866 1946 968 pluma
1959 867 2096 969 prolet-

788 977 866 1055 Cui
889 980 1089 1059 necessario
1106 984 1341 1061 'eontrarium
1358 983 1563 1071 accideret,
1588 981 1817 1086 sinegotium
1833 1011 1853 1063 t
1868 986 2016 1066 sentinis
2030 1012 2094 1074 to·

788 1088 894 1176 bore,
910 1093 968 1169 vei
985 1096 1205 1194 quantitate,
1222 1095 1282 1173 vei
1299 1096 1478 1197 qualitate
1493 1094 1927 1197 singularidependeret.
1970 1099 2094 1192 Aliam

787 1203 955 1310 proinde
973 1206 1112 1282 debere
1125 1204 1263 1283 subesse
1278 1228 1392 1284 tauto
1408 1206 1597 1284 varietatis
1615 1206 1771 1294 causam.
1797 1208 1835 1286 δι
1849 1209 2095 1308 eamquidem

739 1310 743 1316 ’
786 1319 1020 1424 potissimum
1034 1322 1173 1401 debere
1188 1324 1297 1403 matri
1312 1323 1452 1402 foetum
1469 1346 1721 1425 conceptum
1771 1325 2094 1409 Tolemvidelieet

789 1459 953 1517 ovorum
970 1440 1010 1517 in
1025 1440 1159 1517 ovatio
1175 1441 1330 1520 uterino
1344 1440 1680 1531 constitutionem,
1696 1442 1845 1544 qualem
1863 1444 2023 1526 subinde
2036 1446 2092 1522 vi·

790 1550 981 1635 demusin
998 1557 1082 1635 ovis
1097 1558 1327 1661 gallinarum,
1353 1582 1520 1660 quorum
1539 1557 1736 1638 manifeste
1750 1563 2094 1665 quopiamconspi·

791 1667 912 1746 cimus
929 1670 1062 1748 vitello
1090 1672 1287 1773 pallidiore
1307 1670 1408 1748 sexui
1431 1667 1601 1750 femineo
1619 1672 1875 1773 concipiendo
1898 1672 2090 1766 destinata,

790 1785 858 1864 alia
873 1788 1004 1866 viteiio
1020 1792 1134 1893 magis
1158 1792 1293 1878 rubeo,
1313 1786 1604 1874 flavescentete‚
1628 1789 1727 1869 sexui
1741 1782 1947 1870 masculino
1957 1792 2090 1876 ¹nonci-

790 1904 937 2009 piendo
949 1905 1139 1997 destinata,
1153 1908 1217 1985 alia
1233 1906 1343 2009 plane
1355 1904 1505 1981 duobus
1513 1902 1649 1980 vitellis
1656 1901 1821 2004 predita,
1833 1900 1989 2004 geminis
1997 1924 2089 1979 oon·
2207 1971 2214 1978 .

790 2018 976 2118 cipiendis
991 2020 1184 2101 destinata.
1231 2021 1293 2098 Sic
1308 2018 1520 2097 Frideticus
1527 2014 1779 2094 Hoffmannus
1792 2016 1947 2094 medicin-
1961 2016 2089 2094 ration.

779 2131 953 2234 ‚fisteman
984 2138 1071 2215 Tam.
1089 2137 1203 2237 prior.
1223 2134 1485 2233 Philosop.ctrp.
1506 2132 1598 2209 bum.
1624 2132 1723 2210 Part.
1750 2134 1797 2208 II.
1823 2154 1946 2233 capua.
1964 2133 2023 2210 sb.
2046 2158 2091 2226 ¹5·

791 2244 898 2323 Schts.
908 2267 945 2347 p.
960 2275 1035 2339 240.
1062 2249 1203 2349 inquit:
1220 2272 1299 2324 non
1313 2270 1460 2325 tantum
1474 2246 1516 2321 in
1531 2244 1767 2323 minutiffima
1782 2246 1961 2346 geniturae
1976 2245 2092 2325 virilis

790 2363 984 2462 portione,
1003 2362 1064 2441 sed
1087 2362 1125 2442 δι
1146 2363 1186 2438 in
1202 2363 1339 2464 quovis
1362 2360 1513 2439 feminae
1532 2362 1651 2437 ovalo
1674 2359 1815 2462 integra
1839 2361 2010 2459 corporis
2026 2385 2089 2437 or·

642 2479 652 2488 '
782 2478 907 2578 ganiei
921 2477 1218 2572 strateiumutut
1232 2478 1536 2581 maximeexigua
1547 2478 1665 2555 latitat
1679 2476 1722 2553 in
1736 2476 1851 2556 schol.
1865 2475 1930 2555 nifi
1944 2477 2144 2558 inovu·.

785 2586 828 2666 lo
844 2590 909 2668 ista
921 2592 1074 2670 stamina
1090 2590 1127 2669 ἃ
1143 2592 1263 2694 prima
1278 2591 1490 2670 rudimenta
1504 2583 1661 2667 femellae
1674 2590 1974 2677 continerentur,
1988 2590 2089 2668 nulia

787 2701 887 2784 ratio
902 2726 1074 2808 apparet,
1089 2728 1163 2806 qua
1188 2728 1234 2782 ex
1253 2704 1353 2783 virili
1375 2703 1517 2784 semine
1539 2701 1767 2783 femininum
1785 2729 1926 2809 corpus
1939 2703 2089 2788 diversas

785 2818 1039 2916 generationis
1057 2815 1205 2917 organis
1226 2816 1413 2894 donatum
1439 2812 1549 2916 poffit
1573 2815 1736 2917 prodire
1818 2817 2086 2895 EtMeschioai

784 2923 978 3005 Friderico
996 2927 1181 3007 Geudero
1192 2925 1235 3002 de
1247 2946 1314 3003 ort.
1326 2925 1587 3027 animadpnoa.
1608 2949 1701 3005 vero
1724 2947 1905 3028 perquam
1921 2926 1976 3002 est
1990 2950 2083 3004 con·

787 3031 1027 3127 fontaneum,
1049 3032 1267 3112 stmsiuratn
1279 3035 1454 3139 ootporis
1475 3033 1641 3114 animalis
1660 3030 1787 3109 omnis
1801 3028 1872 3109 esse
1898 3056 1995 3135 opus
2010 3056 2084 3112 ma-

786 3173 909 3231 nuum
925 3155 1033 3243 DEI,
1057 3153 1095 3233 δι
1116 3153 1231 3231 latere
1244 3153 1286 3231 in
1308 3153 1432 3232 ovulis
1454 3151 1601 3256 singulis
1614 3152 1801 3254 integram
1818 3147 2085 3232 &absolutissi-

787 3292 889 3348 mana
903 3270 1068 3377 partium
1083 3270 1257 3347 omnium
1274 3269 1537 3348 admirandum
1554 3271 1594 3346 in
1617 3267 1775 3347 modum
1791 3267 2083 3349 construsiarum

783 3380 908 3463 ideam
931 3384 1272 3463 &delineationem
1288 3381 1600 3468 sabtiliffimam,a
1621 3381 1771 3461 summo
1785 3382 1956 3458 omnium
1971 3383 2081 3484 opifi-

774 3520 831 3579 .oe
846 3499 1136 3579 accreatoreuti
1150 3496 1431 3602 benigniffimo,
1445 3499 1497 3578 ita
1517 3494 1776 3600 potentissimo
1791 3493 2006 3574 immediate
2020 3503 2081 3578 in-

784 3612 917 3701 ditam,
932 3640 951 3692 a
965 3609 1163 3718 spirituoso
1177 3609 1328 3692 sentinis
1336 3608 1453 3689 virilis
1472 3606 1649 3712 contagio
1669 3607 1930 3700 evolvendam,
1944 3609 2082 3693 inmo

783 3751 868 3812 tum
892 3730 1134 3812 suscitandam
1150 3728 1220 3808 &e
1268 3730 1366 3805 ltetn
1385 3725 1578 3821 Johannes
1598 3724 1894 3804 Bartholomaeus
1910 3724 2079 3809 Adamas

780 3839 963 3942 beringer
977 3843 1061 3919 Ideae
1075 3839 1215 3936 htstitut.
1234 3837 1351 3916 mesu.
1371 3834 1468 3934 Μ
1484 3864 1525 3927 15·
1539 3854 1579 3936 p.
1595 3859 1639 3928 37
1642 3832 1720 3937 seq.
1735 3836 1797 3918 ait,
1812 3836 1852 3912 in
1869 3837 1992 3916 ovulis
2004 3839 2078 3936 jam

783 3960 954 4038 adivino
973 3955 1178 4039 :achimae
1196 3958 1317 4060 prima
1331 3955 1448 4035 totius
1464 3952 1636 4057 corporis
1649 3953 1802 4031 stamina
1819 3949 1890 4030 esse
1906 3952 2013 4051 jesia,
2038 3956 2077 4036 ἀ

783 4071 832 4150 nb
849 4072 988 4148 eodem
1008 4065 1211 4149 architecto
1231 4088 1387 4171 quoque
1414 4062 1618 4168 provenite
1645 4063 1795 4141 masculi
1827 4064 1888 4143 vel
1916 4062 2075 4146 femella

780 4187 1084 4294 generationem
1108 4185 1213 4280 cuitu
1220 4179 1387 4259 divinam
1403 4203 1557 4284 operam
1573 4175 1733 4256 fideliter
1747 4178 1874 4280 potius
1888 4177 2074 4273 admirari,

778 4326 892 4408 quam
907 4297 1053 4378 curiose
1065 4298 1221 4375 ulterius
1230 4291 1449 4398 perscrutari
1464 4288 1737 4392 aequibonique
1754 4289 1940 4370 saciamuu
1975 4291 2073 4390 Qui.

780 4418 852 4502 bnt
863 4413 1052 4500 consuunt
1077 4411 1192 4494 etiam
1220 4407 1358 4489 Christ
1375 4406 1463 4511 Jolt
1478 4403 1641 4508 Longius
1664 4405 1764 4507 Opet.
1800 4405 1886 4489 Tau
1899 4397 1992 4506 sset
2000 4415 2070 4533 ζεῖ.

2008 4539 2069 4596 n-
