5250 5525
978 646 1036 723 De
1050 645 1258 745 conceptione
1272 646 1308 722 sn
1313 644 1461 742 straton·
1785 661 1851 763 137

556 831 639 910 fieri
661 858 741 910 non
771 828 890 933 pollrt.
961 830 1062 906 Cum
1078 852 1171 906 veto
1198 826 1390 920 haslenusx
1409 828 1650 929 allegatorum
1674 837 1850 902 autorum

558 948 748 1040 nonnulli,
763 970 842 1046 non
851 942 926 1022 fine
941 944 1089 1022 ratione
1111 943 1368 1033 contrarium,-
1396 940 1536 1019 scilicet
1549 937 1675 1043 saepius
1691 937 1852 1015 feminas

551 1065 692 1167 absque
707 1087 863 1142 venerea
874 1062 1086 1163 ¹voluptate,
1100 1085 1182 1137 non
1199 1061 1454 1151 dormientes,
1472 1058 1700 1159 concipere.
1722 1051 1853 1131 deferr·

503 1225 505 1229 .
551 1180 658 1271 dant„
680 1181 755 1258 hoc
777 1182 864 1258 loco
880 1179 1025 1279 aliquot
1039 1177 1305 1255 tantummodo
1326 1178 1367 1252 in
1394 1175 1529 1252 somno
1553 1171 1854 1276 concipientium
1933 1222 1938 1230 -

558 1294 785 1374 feminarum
801 1295 970 1397 exempla
983 1318 1031 1370 ex
1045 1293 1325 1395 Gynaecologiae
1346 1293 1481 1369 nostrae
1497 1293 1580 1368 Secl.
1598 1294 1777 1389 Is·cap.6.
1802 1286 1852 1363 de

555 1408 685 1509 stupro
702 1408 742 1485 in
758 1407 893 1486 somno
914 1406 951 1485 ἃ
970 1406 1049 1485 aliis
1060 1408 1252 1487 tutoribus
1281 1405 1416 1486 adduci
1437 1405 1596 1508 pollent,
1620 1411 1860 1509 quamquam.

556 1525 747 1600 nonnullis
757 1522 940 1618 ejusmodi
954 1523 1328 1628 relationessuspeflae
1340 1523 1410 1600 else
1423 1523 1574 1614 soleant,
1597 1520 1776 1624 siquidem
1795 1518 1850 1624 se·

554 1635 721 1712 cundum
738 1634 843 1738 Casp.
858 1660 876 1711 a
892 1638 998 1713 Reies
1016 1635 1338 1736 Elystjucuuda'rum
1359 1633 1655 1738 Qaestion.Camp.
1666 1632 1848 1739 Questus.

545 1767 706 1845 prnsus.
732 1771 904 1824 nouraro
917 1748 1072 1833 accidat,
1088 1773 1131 1831 ut
1146 1751 1312 1853 innuptae
1328 1751 1478 1852 alique,
1501 1744 1845 1851 quibusex‘furtivo
2004 1765 2006 1769 ’

552 1863 758 1942 concubitu
774 1884 900 1938 uterus
915 1861 1089 1938 increscit
1105 1863 1150 1939 ad
1158 1866 1385 1944 confessores
1401 1889 1492 1961 mox
1507 1863 1686 1941 adeuntes
1701 1860 1750 1937 de
1764 1859 1844 1937 ille*
1917 1881 1921 1890 ’

553 1998 589 2057 ta
603 1977 641 2054 vi
649 1995 940 2076 conquerantur,
968 1973 1006 2051 ἃ
1021 1972 1336 2052 obleflsmentum
1352 1975 1498 2052 nullum
1517 1970 1677 2050 habuisse
1693 1969 1846 2070 insupet
1993 2068 1996 2072 Ι

553 2085 688 2164 addant
702 2085 740 2161 &
755 2081 973 2185 persuadere
987 2105 1194 2175 conentur,
1216 2105 1260 2162 ut
1281 2085 1461 2180 majorem
1486 2082 1534 2159 fic
1557 2079 1626 2158 suae
1638 2076 1844 2178 turpitudi-

553 2197 611 2274 nis
624 2191 1053 2286 excusationemltabere
1065 2192 1278 2286 credantur,
1295 2219 1338 2271 se
1359 2194 1383 2270 fi
1400 2215 1481 2272 rem
1497 2213 1652 2267 omnem
1666 2187 1759 2266 cirta
1774 2210 1843 2262 vo-
2012 2257 2018 2266 .

554 2313 735 2393 luntacenr
751 2335 817 2390 aut
836 2311 1067 2412 voluptatem
1081 2310 1267 2414 penum
1289 2312 1405 2400 soille,
1431 2329 1495 2389 aut
1514 2303 1763 2388 excusationis
1779 2311 1847 2385 aut'

553 2428 702 2508 ruboris
717 2420 822 2500 causa
839 2419 1046 2499 inculcent.

609 2652 725 2735 Hanc
738 2668 864 2724 tamen
880 2644 1063 2722 insomno
1085 2527 1431 2747 imgmglrttionem
1446 2643 1511 2723 sub
1526 2641 1637 2721 certis
1652 2621 2016 2772 conditioffm

554 2769 665 2847 nibus
682 2789 756 2844 tam
771 2759 1031 2859 iurisconsulti,
1045 2786 1158 2864 quam
1172 2760 1308 2840 medici
1317 2760 1535 2848 admittunt,
1552 2785 1626 2863 ng.
1639 2756 1843 2839 secundum
2015 2751 2024 2771 '

554 2884 739 2965 facultatis
752 2878 915 2978 juridice
928 2878 1095 2974 Jenensrs
1110 2879 1338 2984 responsum,
1353 2880 1449 2958 nihil
1463 2877 1760 2985 impossibilitatis
1768 2878 1844 2968 alic.

554 2998 661 3101 quod
676 2994 832 3097 persona
847 2992 1014 3093 quadam
1032 2992 1223 3074 muliebris
1245 2994 1451 3096 &quidem
1468 2992 1611 3072 facilius
1626 3015 1738 3094 quam
1753 2988 1844 3071 viri·

554 3115 611 3197 lis,
624 3133 711 3187 cunr
725 3127 871 3183 tantum
888 3103 1021 3203 passive
1036 3103 1072 3179 se
1086 3126 1200 3204 gerat,
1222 3106 1444 3207 cumprimis
1459 3129 1582 3183 turem
1590 3128 1688 3182 uxor
1700 3108 1742 3183 in
1751 3129 1845 3183 con·

557 3221 660 3325 jugio
684 3220 815 3295 vivens
830 3215 964 3293 itidem
987 3234 1162 3316 tanquam
1183 3215 1225 3293 in
1240 3216 1406 3304 somnio,
1428 3216 1586 3293 maxime
1602 3215 1626 3293 sr
1641 3217 1687 3295 ad
1701 3216 1848 3299 affeslus

558 3334 757 3442 soporosos
771 3329 949 3419 inclinet,
962 3351 1026 3410 aut
1037 3329 1227 3433 infigniter
1240 3330 1404 3413 deltlfttt
1422 3329 1613 3419 fuerit-:sel
1627 3357 1676 3412 ex
1688 3336 1846 3418 ebrieta-

561 3477 598 3534 te
614 3455 656 3531 in
689 3447 924 3552 profundum
939 3443 1113 3555 somnum
1129 3445 1273 3550 delapsa
1296 3446 1430 3543 suerit}
1455 3450 1583 3528 usito
1610 3448 1849 3554 impraegnari.

558 3569 668 3676 poffit
683 3569 753 3646 &c
779 3565 853 3644 vid.
875 3563 993 3641 Mich.
1006 3564 1143 3642 seron
1164 3564 1358 3645 Valentio.
1383 3550 1605 3645 Noisntna
1619 3566 1717 3667 segal.
1730 3567 1809 3668 Cast
1817 3593 1846 3649 ι.

554 3709 643 3789 p.3o.
668 3710 747 3787 quo
763 3684 850 3760 loco
863 3681 975 3761 etiam
991 3703 1075 3782 pag.
1087 3679 1190 3783 seqq.
1210 3682 1555 3785 sequitui'crsus'tle
1576 3686 1850 3788 impregnatio·
1946 3728 1948 3733 ·
2038 3704 2057 3761 .’

561 3825 611 3876 ne
626 3795 848 3873 dormientis
861 3792 901 3868 in
916 3790 999 3871 sella
1015 3816 1102 3871 cum
1119 3794 1297 3899 responso
1313 3794 1499 3878 facultatis
1518 3799 1671 3877 medice
1683 3799 1850 3904 Lipsien-

560 3907 618 3987 fis.
640 3903 811 4001 vid.Jolr·
824 3900 1176 3981 undenzitmmn.
1194 3905 1849 4011 medicinforenfifinllesptnfisaodn
1906 3976 1910 3987 .
2027 3905 2031 3910 ’

561 4019 647 4099 med·
656 4014 743 4116 lips.
761 4017 852 4094 Ceut.
874 4012 924 4091 Vl.
937 4009 1007 4112 cast
1017 4039 1071 4108 77.
1080 4031 1118 4114 p.
1133 4023 1220 4109 1642.
1267 4017 1316 4096 Et
1330 4019 1423 4097 Com.
1436 4019 1472 4099 V.
1480 4019 1550 4119 cufi
1565 4047 1606 4096 21.
1624 4041 1662 4122 p.
1676 4032 1750 4116 1156.
1771 4040 1855 4116 usu

562 4135 609 4214 ad
624 4128 890 4234 questionem
921 4150 969 4227 tn
990 4128 1099 4229 virgo
1114 4125 1190 4207 alto
1210 4127 1346 4210 somno
1370 4131 1510 4237 sepulta
1533 4133 1706 4216 deflorati
1727 4139 1850 4221 &sm-

564 4241 743 4349 praegnari
756 4238 882 4344 pollite
907 4239 1108 4342 respondet
1121 4240 1216 4320 diua
1231 4241 1396 4340 facultas,
1420 4249 1524 4350 quod
1532 4250 1708 4353 equidem
1725 4250 1852 4334 secun·

568 4364 660 4441 dum
691 4356 861 4437 adduflss
883 4356 1174 4437 circumstantias
1205 4381 1287 4439 nen
1306 4359 1416 4443 ftcile
1427 4362 1471 4444 lit
1482 4363 1735 4464 judicandum,
1744 4365 1853 4471 ‘dor-³

618 4454 846 4562 35thst
1304 4460 1330 4539 S
1641 4482 1659 4502 “
1735 4463 1856 4544 miens
1905 4498 1915 4578 2
