5250 5525
1142 575 1261 712 'oen
1313 640 1341 713 r.
1398 637 1506 735 capo
1561 639 1670 714 vrri.

610 808 613 813 ’
771 813 911 914 gustata
927 810 1082 912 fereque
1097 812 1243 905 coalita,
1269 835 1312 890 ut
1328 814 1392 889 vix
1408 814 1599 891 candelam
1617 840 1783 903 ceream,
1808 814 1931 893 multo
1948 815 2074 893 minus

772 921 898 999 mariti
926 923 1140 1003 membrum
1165 921 1364 1000 admittere
1392 922 1533 1027 poffet,
1566 948 1649 1025 quae
1673 947 1799 1000 tamen
1828 924 2073 1026 postmodum

769 1054 1016 1139 conceperat,
1032 1054 1144 1132 atque
1144 1033 1243 1219 dpost
1258 1032 1463 1112 institutam
1480 1061 1604 1113 curam
1620 1037 1999 1140 felicitcrpepererat.
2016 1060 2073 1111 re·

763 1146 855 1243 citat
869 1146 1029 1223 Cosmus
1052 1142 1142 1221 Viat
1170 1144 1204 1220 el
1219 1167 1285 1220 von
1302 1145 1365 1220 der
1379 1145 1586 1223 vveiblichen
1603 1149 1734 1225 Geburt
1752 1150 1822 1225 Lib.
1842 1154 1887 1227 II.
1909 1169 1980 1248 cap.
1988 1176 2013 1238 5
2033 1167 2072 1245 p.

763 1263 869 1365 ansts.
921 1261 1053 1351 Daniel
1062 1260 1206 1337 Tauvri
1217 1262 1327 1339 etiam
1344 1260 1456 1354 dicit,
1474 1262 1512 1339 se
1529 1264 1663 1343 multas
1679 1265 1781 1361 noiie
1799 1264 2070 1365 feminamque
2181 1260 2185 1268 ’

765 1370 1375 1484 ,conceperintmullaprecedente
1383 1379 1598 1459 admiffione
1608 1383 1768 1461 membri
1779 1362 1894 1463 vi'riiis
1912 1385 1952 1460 in
1970 1380 2068 1482 vagi·

765 1522 864 1590 nam,
889 1522 971 1604 quae
986 1486 1141 1601 quidem
1156 1495 1301 1574 fuerint
1325 1491 1596 1598 imperfotatae‚
1621 1483 1784 1601 excepto
1802 1499 1960 1602 parvulo
1976 1484 2072 1600 quo·

764 1617 848 1723 dam
871 1615 1074 1700 foramine,
1112 1635 1188 1690 tam
1204 1639 1279 1718 pro
1313 1614 1506 1691 emiiiione
1530 1615 1666 1708 utine,
1692 1642 1803 1718 quant
1833 1644 1907 1720 pro
1929 1615 2069 1693 effluxu
2233 1714 2237 1720 ι

762 1728 963 1813 mendum,
986 1726 1180 1805 destinato·
1194 1726 1266 1835 vid.
1286 1727 1420 1831 Gofey
1437 1729 1648 1830 Hypothei
1663 1729 1705 1805 de
1723 1732 1879 1807 Generat.
1897 1730 2005 1806 rmus
2024 1748 2063 1827 p.

765 1858 814 1945 65.
837 1847 882 1927 ad
904 1871 1018 1953 quem
1040 1846 1168 1927 locum
1185 1867 1292 1935 notat
1313 1845 1447 1925 Daniel
1469 1847 1712 1936 Hofmannus
1729 1849 1761 1954 ΙΙ.
1778 1875 1813 1926 a.
1837 1848 1904 1926 ubi
1924 1847 2068 1925 menses

623 2018 647 2031 -
766 1990 837 2072 per
856 1961 1127 2048 foraminulum
1151 1959 1303 2069 possunt
1319 1962 1465 2073 egredi,
1481 1956 1533 2042 ibi
1551 1956 1686 2043 halitus
1713 1963 1904 2043 seminales
1920 1963 2066 2065 ingredi

764 2085 879 2194 poue,
903 2081 1049 2163 nullum
1063 2083 1117 2160 est
1130 2081 1300 2161 dubium.
1351 2085 1399 2162 Et
1410 2085 1501 2180 Jean
1516 2085 1843 2189 BaptisteVerduc
1859 2083 1943 2160 der
1963 2083 2068 2184 Ufizge

761 2210 821 2293 des
832 2209 955 2285 Partes
978 2205 1065 2307 rom..
1081 2206 1107 2279 i
1122 2223 1193 2301 cap.
1202 2232 1225 2275 1·
1234 2223 1273 2303 p.
1288 2230 1334 2280 m.
1344 2214 1389 2280 16.
1403 2205 1546 2307 inquit:
1577 2206 1605 2282 il
1622 2228 1671 2282 ne
1688 2204 1769 2284 faut
1786 2231 1850 2308 pas
1867 2205 1903 2283 se
1923 2204 2067 2308 persua·
2102 2303 2109 2307 ,

763 2325 852 2411 der,
876 2345 951 2425 que
965 2339 1074 2400 toute
1092 2315 1124 2396 la
1139 2317 1310 2399 sentence
1323 2319 1396 2397 soit
1417 2319 1628 2413 accerime,
1653 2345 1752 2423 pour
1766 2317 2068 2415 rendreiesoeufs

594 2495 602 2501 -
762 2442 934 2532 seconde,
950 2436 1127 2542 puisqu'il
1150 2437 1269 2515 arrive
1286 2436 1466 2522 souvenm
1520 2437 1617 2519 uela
1637 2435 1810 2533 semence
1827 2441 1864 2521 n'
1879 2463 1986 2519 entre
2003 2465 2067 2543 pao

763 2557 855 2645 dans
870 2552 903 2630 la
919 2546 1090 2631 matrice;
1116 2540 1292 2625 &meme
1304 2541 1380 2624 l'on
1396 2568 1416 2620 a
1431 2464 1610 2650 pluieurs
1626 2545 1870 2649 experiences
1892 2545 1958 2625 des
1971 2548 2069 2629 fem·

663 2714 666 2719 ·
763 2695 863 2756 mea,
889 2665 956 2771 qui
977 2660 1062 2743 sont
1086 2658 1276 2743 devenu'e's
1300 2656 1455 2764 gaudes,
1483 2660 1681 2764 ququu'il
1704 2674 1767 2763 n’y.
1791 2661 1843 2737 ait
1860 2685 1909 2740 eu
1926 2687 2001 2767 que
2015 2664 2068 2744 les

764 2788 900 2898 parties
915 2781 1141 2866 exterieures
1162 2778 1197 2854 d'
1213 2782 1382 2869 arrose‘es,
1403 2779 1481 2855 sans
1497 2778 1664 2856 d’autres
1679 2778 1902 2878 approches.
1928 2782 2068 2861 vid-et·
2233 2873 2235 2878 ,

618 2943 621 2949 Δ
766 2907 840 2986 iam
856 2892 1127 3004 spermatolog.
1152 2894 1268 2973 nostr.
1304 2891 1790 2995 cap.10.§.19.p.4n.fiqq.
1839 2895 2071 2980 lmodantur

525 3025 531 3035 '
767 3017 881 3098 etiam
896 3004 1066 3108 exempla
1083 3003 1295 3095 mulierum,
1319 3028 1403 3109 quae
1420 3005 1471 3081 ob
1486 3005 1640 3083 nimiam
1656 3008 1870 3110 angustiam,
1886 3014 2070 3094 occlufio.

768 3111 859 3209 fie'm
880 3121 918 3210 ἃ
940 3111 1292 3219 imperforationem
1320 3118 1382 3195 seu
1411 3112 1575 3193 atrefiam
1606 3141 1626 3194 a
1649 3117 1791 3195 maritis
1812 3116 1883 3196 suis
1903 3120 2073 3225 separat-e

769 3232 1016 3348 postmodum
1036 3230 1081 3306 ab
1102 3228 1181 3309 aliis
1202 3227 1358 3307 fuerunt
1381 3231 1650 3332 impregnatae,
1686 3228 1884 3331 dequibus
1900 3234 2071 3319 videatur

770 3347 899 3433 Tradi.
913 3343 961 3420 de
982 3341 1086 3418 Coit.
1111 3361 1184 3440 cap.
1208 3343 1254 3417 II.
1272 3345 1360 3434 §.24
1410 3341 1469 3417 De
1484 3341 1698 3441 questione,
1713 3366 1759 3417 an
1775 3348 1979 3446 conceptio
1995 3348 2070 3431 fine

775 3464 883 3545 coitu
899 3457 959 3534 seu
983 3452 1258 3530 intromisfione
1283 3449 1444 3529 membri
1464 3452 1600 3535 vin'lis,
1639 3453 1702 3529 sed
1717 3478 1763 3529 ex
1779 3452 1851 3529 sola
1867 3456 2072 3549 affriciione

776 3573 887 3683 ¹penis
902 3566 1128 3667 seminisque
1151 3561 1357 3686 asperiione
1378 3562 1424 3640 ad
1447 3562 1638 3641 orificium
1661 3566 1843 3658 matricis,
1857 3569 1939 3649 fieri
1962 3574 2073 3678 poffit

777 3682 854 3766 vid·
869 3671 990 3761 Mich.
1003 3674 1145 3754 Albere
1158 3670 1361 3773 Jurrsprud
1373 3670 1461 3749 med.
1476 3691 1547 3771 cap.
1554 3697 1585 3748 2.
1607 3682 1639 3769 §.
1665 3689 1800 3772 repat.

1374 3871 1404 3948 §.
1453 3881 1496 3945 13·

596 4031 646 4096 A·
664 4022 752 4096 enar.
828 4006 1000 4091 Pertinet
1011 4004 1088 4082 huc
1101 4000 1212 4079 etiam
1229 3993 1385 4097 questio
1399 3989 1562 4090 anvirgo
1571 3984 1632 4063 vel
1640 3984 1707 4064 alia
1717 3987 1859 4065 femina
1880 3986 2076 4073 dormiens

598 4106 772 4191 ‘'mm‘'
781 4162 802 4217 ι
817 4113 1275 4225 mareinsciaimpregnari
1289 4111 1351 4189 seu
1365 4108 1569 4211 concipere
1579 4112 1712 4208 queat?
1738 4105 1904 4206 adquam
1919 4110 2077 4211 plurimi

591 4193 732 4279 sm:
781 4264 932 4332 autores
944 4261 999 4318 ex
1021 4258 1062 4313 ea
1082 4230 1231 4311 ratione
1258 4222 1431 4326 negative
1459 4218 1709 4323 respondent,
1731 4217 1819 4317 quia
1835 4222 1919 4323 poli
1934 4220 2073 4323 lapsum

718 4401 722 4408 ·
783 4354 999 4469 primorum
1014 4362 1213 4448 parentum
1227 4326 1523 4437 conceptioiine
1541 4328 1737 4433 voluptate
1756 4327 1816 4407 vel
1830 4328 2077 4411 delectatione

1963 4483 1969 4496 ¹
1993 4459 2078 4539 fieri
