5250 5525
779 688 827 754 n
1139 793 1143 802 ι
1214 681 1548 783 temnens
1597 684 1668 761 nc

780 853 872 931 dem
887 853 981 932 illud
997 854 1118 955 ipsum
1131 856 1310 949 ovulum,
1324 858 1430 960 quod
1447 858 1527 961 ipso
1541 856 1883 935 hoc'venereoadlu
1892 857 2079 935 fueritex·

781 970 957 1058 citatum,
976 994 1024 1047 ex
1040 970 1171 1047 ovatio
1187 971 1378 1051 detrusum
1403 971 1440 1052 ba
1457 999 1523 1074 per
1546 975 1653 1050 tubas
1675 972 1797 1050 subito
1812 970 2020 1074 deprellum
2037 970 2080 1046 in

782 1086 979 1164 cavitatem
1002 1084 1130 1163 uteri:
1170 1087 1388 1165 Reclamant
1409 1110 1470 1165 tot
1490 1111 1664 1165 sutorum
1686 1088 1982 1172 observationes,
2014 1082 2081 1185 qui

780 1207 912 1275 uteros
926 1198 1012 1299 post
1024 1195 1238 1298 congressus
1248 1222 1386 1277 vacuos
1401 1199 1599 1287 invenere,
1614 1201 1724 1277 etiam
1741 1199 1909 1302 pluribus
1922 1198 2080 1300 posteo·

781 1310 910 1412 pulam
929 1308 1079 1396 diebus,
1102 1333 1346 1411 comparente
1363 1312 1486 1390 adhuc
1503 1315 1541 1389 in
1556 1315 1688 1389 ovatio
1704 1313 1808 1390 ovuli
1824 1313 1943 1414 prima
1961 1327 2081 1386 muta·

781 1420 909 1513 tione,
925 1446 968 1498 ac
984 1422 1193 1499 camnculoe
1206 1426 1363 1504 ovulum
1381 1424 1477 1526 quast
1492 1425 1720 1503 extradentis
1730 1423 2016 1507 succrescentiar
2038 1438 2082 1497 ut

729 1575 731 1580 ·
782 1535 2083 1642 taceam,ovulaintubisdiupostcopulametiamfoecundaminven·

781 1657 839 1738 ta,
865 1652 946 1727 imo
963 1648 1027 1751 ipli
1050 1646 1156 1727 nffixa
1177 1675 1220 1729 sc
1240 1649 1458 1730 foecundata
1472 1651 1544 1730 &o
1593 1650 1821 1728 Labentibus
1842 1674 1861 1725 a
1885 1648 1992 1723 coitu
2009 1642 2083 1721 foe·
2214 1661 2221 1666 ·

783 1760 916 1842 cundo
932 1761 1051 1840 tribus
1064 1785 1128 1839 aut
1142 1785 1305 1863 quatuor
1318 1764 1450 1843 diebus
1466 1790 1585 1843 ovum
1599 1765 1693 1841 adeo
1701 1764 1844 1854 crescit,
1857 1759 2084 1840 utovarium

782 1873 893 1955 suum
915 1870 1234 1950 odexclulionem
1255 1874 1438 1960 stimulet,
1469 1877 1570 1973 juxta
1592 1876 1812 1972 sententiam
1835 1875 1923 1969 Joh.
1941 1869 2085 1972 Sigilm.

783 1984 947 2066 Elsholt.
961 1987 1015 2061 M.
1027 1984 1116 2061 NG
1133 1986 1215 2062 Det.
1230 1988 1331 2062 [An.
1346 1996 1373 2065 ό.
1381 2017 1412 2081 7.
1419 1996 1478 2079 196.
1488 2008 1527 2087 p.
1534 2009 1606 2082 ιη.
1656 1988 1743 2065 Ova
1757 1989 1798 2064 in
1813 1984 1948 2063 ovariis
1962 1982 2087 2059 adhuc

738 2107 743 2117 '
785 2095 939 2175 detenta
955 2096 1071 2192 majus
1084 2096 1363 2175 incrementum
1377 2123 1503 2201 agere,
1523 2098 1686 2200 autoplia
1707 2100 1860 2175 restatur
1874 2095 2085 2173 Friderictu

786 2207 998 2308 lluylchius
1018 2204 1277 2304 Tbefiumm.
1289 2231 1321 2281 rt
1328 2235 1365 2299 5.
1372 2227 1454 2306 Μ.
1468 2208 1693 2286 ubiuterum
1709 2209 1875 2287 mulieris
1889 2206 1987 2293 fistir,
2002 2229 2085 2306 quc

784 2345 810 2398 c
823 2318 950 2422 prucis
970 2317 1104 2396 diebus
1121 2339 1186 2394 aut
1202 2315 1311 2394 ,horis
1332 2321 1584 2420 couceperr'tt
1616 2316 1655 2395 dr
1667 2340 1802 2420 preter
1815 2317 1882 2394 alis
1898 2338 2018 2393 unum
2033 2338 2084 2392 ex

786 2436 886 2519 ons,
900 2431 1006 2534 quod
1022 2429 1208 2514 existimat
1218 2429 1494 2518 soecunuamm,
1506 2437 1756 2513 mutationem
1766 2426 2087 2533 magnatnsubiille

788 2546 927 2632 κίονες
948 2545 1089 2623 scillcet
1104 2544 1363 2647 magnitudine
1378 2568 1460 2623 non
1474 2546 1594 2625 solum
1608 2571 1818 2626 ccreraom
1825 2542 2089 2630 antecellebat,

789 2682 927 2740 verum
944 2659 1057 2737 etiam
1069 2657 1157 2760 post
1171 2656 1251 2752 ejus
1266 2657 1505 2758 apertionem
1527 2661 1591 2735 ori
1607 2680 1832 2738 contentum
1853 2657 2091 2757 coagulatum
2210 2648 2217 2661 '

792 2774 1061 2877 reperiebatur.
1092 2771 1201 2863 Juxta
1210 2769 1391 2869 Stephan-
1407 2770 1594 2848 Blsncsrd.
1607 2769 2089 2869 Instir.Medic.cap.25.0per.

797 2891 885 2967 Yon.
897 2890 920 2962 1.
928 2903 963 2983 p.
970 2907 1039 2973 273·
1054 2902 1171 2956 ovum
1188 2878 1450 2966 foecundatur,
1466 2880 1619 2970 incest,
1632 2882 1785 2959 materia
1798 2880 2091 2968 seminisvirilia‚

797 3024 846 3078 ex
862 2993 1065 3077 mobilibus
1086 2988 1125 3066 ἃ
1138 2987 1345 3066 admodum
1368 2988 1543 3068 tenuibus
1565 2992 1739 3068 constans
1756 2992 1946 3092 particulis
1960 2989 2092 3075 efficit,

796 3136 844 3196 ut
857 3132 977 3189 unum
995 3104 1149 3209 plurave
1170 3128 1243 3181 ova
1263 3101 1337 3180 sese
1351 3102 1513 3181 dilatent
1534 3104 1750 3206 maioraque
1764 3105 1878 3182 fiant:
1911 3106 2090 3191 Hocest,

799 3220 906 3331 quod
920 3248 940 3300 a
957 3217 1108 3298 materia
1123 3213 1276 3301 mobili,
1290 3236 1339 3289 ex
1354 3238 1428 3316 qus
1443 3213 1550 3290 virile
1565 3215 1690 3292 lemen
1707 3215 1870 3306 constat,
1882 3218 1993 3293 etism
2008 3239 2092 3319 par·

797 3341 933 3422 riculas
945 3331 1057 3410 unius
1071 3352 1135 3407 sut
1145 3329 1314 3432 plurium
1328 3349 1492 3404 ovorum
1508 3328 1547 3402 in
1558 3347 1704 3403 motum
1713 3329 1973 3418 concitentur,
1989 3329 2091 3407 unde

800 3450 946 3531 vascula
959 3466 1078 3521 ovum
1093 3437 1359 3519 conl'tituentia
1372 3434 1486 3517 etism
1508 3440 1561 3516 ob
1574 3438 1754 3533 majorem
1778 3441 1974 3518 succorum
1988 3438 2092 3519 afflu-

801 3586 895 3644 xum
909 3556 1284 3653 dilatantuteousque
1292 3549 1472 3627 donecad
1486 3550 1783 3653 magnitudinem
1792 3551 1844 3629 ibi
1858 3551 1981 3629 intsm
1991 3551 2091 3633 arlio

800 3670 962 3779 spatiolo
981 3664 1172 3743 contineri
1192 3686 1274 3740 non
1297 3660 1428 3766 posit,
1450 3661 1543 3741 hinc
1565 3688 1613 3739 ex
1643 3662 1896 3743 membranula
1913 3686 2095 3749 contenta

798 3777 987 3882 erumpit,
1009 3774 1048 3853 δι
1063 3774 1180 3853 atuba
1195 3774 1337 3853 hiando
1350 3771 1449 3874 quali
1466 3773 1728 3857 incumbente,
1752 3773 1790 3852 bt
1807 3773 1852 3850 ab
1868 3798 2095 3855 ornamento
2192 3838 2198 3847 .

797 3895 974 3974 foliaceo,
988 3907 1165 3986 tanquam
1179 3906 1240 3963 tot
1253 3883 1397 3985 digitis,
1418 3883 1781 3987 comprehenditurt
1813 3907 1912 3986 quc,
1935 3887 2095 3967 convul-

799 4001 904 4080 sione
918 3992 1079 4099 petalis,
1092 3995 1133 4070 in
1146 3995 1345 4096 pristinum
1358 3998 1492 4077 statum
1507 3998 1703 4098 redigitur,
1718 3997 1873 4098 eiusque
1886 4023 1961 4098 ope
1977 4022 2094 4077 ovum

802 4116 847 4190 in
858 4131 1009 4186 uterum
1030 4107 1226 4185 deltbitur.
1278 4111 1334 4186 Ex
1351 4112 1531 4193 sententis
1546 4111 1727 4190 Gulielmi
1742 4110 1958 4188 Coclrburn.
1977 4114 2096 4188 Oeten.

803 4227 908 4304 min.
916 4243 952 4322 p.
965 4231 1029 4296 ιιι.
1043 4246 1163 4320 partes
1176 4227 1350 4328 corporis
1364 4231 1482 4306 nostri
1496 4255 1584 4307 cnm
1599 4232 1640 4307 in
1654 4251 1733 4319 ovo
1745 4228 2016 4329 compendiose
2030 4251 2096 4305 ex·

804 4335 951 4420 titerint
965 4331 1132 4431 bquom
1146 4338 1356 4420 eorundem
1366 4343 1597 4443 quiescentes
1611 4361 1763 4424 renunc
1778 4341 1916 4422 obsura
1931 4340 2098 4519 [cmiii
