5250 5525
566 855 658 945 faut,
667 859 718 936 lui
733 863 902 963 enseigna
917 863 949 943 la
963 869 1126 969 posture,
1140 874 1239 954 dont
1254 878 1281 954 il
1297 880 1334 958 se
1349 881 1483 962 devoir
1496 882 1610 962 servir
1624 908 1671 962 en
1685 882 1859 965 carellant

562 966 595 1046 la'
611 974 733 1064 reine,
752 976 823 1074 -qui
839 1002 888 1055 en
902 1002 968 1059 eut
990 981 1070 1087 sept
1083 1006 1170 1068 tout
1181 992 1231 1069 de
1243 995 1350 1076 suite.
1395 1000 1518 1077 Henri
1538 1003 1608 1077 lV.
1628 1024 1677 1081 ne
1689 1015 1862 1102 pouvant
1948 1081 1952 1086 .

563 1086 676 1187 point
692 1092 797 1168 avoir
810 1093 875 1171 des
889 1097 1116 1180 enfansavec
1131 1104 1162 1181 la
1176 1111 1280 1186 reine
1298 1114 1501 1193 Catherine
1514 1117 1547 1192 sa
1563 1116 1751 1218 premiere
1762 1110 1858 1198 fem·

565 1232 636 1297 me,
650 1206 754 1313 apres
768 1214 928 1291 nombre
942 1216 1119 1299 d’mnees
1134 1223 1280 1326 pantes,
1301 1230 1529 1312 &avoitsait
1544 1232 1721 1334 plusieurs
1735 1250 1856 1308 reme·
1945 1256 1952 1264 ·
2055 1259 2060 1269 ·

564 1318 631 1396 d‘es
645 1321 812 1404 inutiles:
837 1325 989 1429 l’uglise
1008 1330 1045 1409 le
1067 1333 1199 1435 separa.
1272 1340 1303 1416 ll
1325 1344 1460 1445 epousa
1482 1345 1601 1423 Marie
1622 1344 1672 1421 de
1686 1340 1858 1425 Medicis·
1989 1429 1993 1436 .

564 1431 667 1509 dont·
676 1434 702 1508 il
714 1457 766 1512 en
780 1462 845 1534 eur
858 1438 1051 1540 plulieurst
1076 1450 1187 1550 cequi
1203 1449 1272 1532 fait
1287 1456 1381 1547 voir,
1401 1482 1475 1561 que
1490 1458 1524 1537 la
1540 1459 1695 1539 sterilite
1708 1457 1761 1535 est
1776 1476 1855 1536 une

505 1634 507 1638 ,
560 1547 668 1660 ραυῐε
682 1550 762 1668 dela
780 1552 997 1640 dilsolution
1014 1559 1244 1666 domariage.

905 1777 907 1781 ·
1025 1785 1027 1790 ·
1143 1753 1175 1827 l·
1222 1753 1271 1826 ιε.
1399 1796 1401 1801 .

566 1907 570 1918 ·
606 1860 709 1939 Cum
724 1884 816 1939 vero
832 1861 970 1943 liberor
990 1865 1032 1942 in
1048 1870 1293 1950 matrimonio
1304 1880 1539 1976 procreandi
1557 1874 1783 1985 impotentia
1794 1871 1974 1973 seem,

557 1971 724 2057 eundum
741 1979 936 2081 pleresque
949 1980 1226 2067 observationes
1240 1993 1370 2095 saepius
1382 1996 1424 2074 io
1438 1998 1578 2081 meritis
1593 2023 1703 2101 quam
1719 1993 1848 2075 uxori·

557 2096 625 2173 bus
641 2099 768 2187 lateat,
795 2120 881 2174 vera
895 2097 1094 2179 sterilitatis
1110 2105 1228 2193 causa,
1255 2133 1425 2215 numque
1437 2115 1609 2195 curabilis
1626 2117 1686 2193 vel
1701 2118 1847 2192 incuru-

452 2281 455 2288 .
552 2219 637 2296 bilis
653 2215 712 2302 lit,
734 2236 821 2294 ante
836 2214 1044 2293 divortium
1058 2220 1112 2295 est
1133 2220 1353 2325 indaganda
1370 2226 1846 2308 vid·.aute·m1>aul.zacch.

552 2321 673 2435 Qaest.
686 2333 770 2409 med
785 2325 966 2431 legal‘aib.
983 2336 1047 2412 ΙΙΙ.
1058 2337 1118 2411 ria.
1127 2366 1157 2416 a.
1170 2340 1288 2441 Qaest.
1296 2371 1328 2433 7.
1331 2340 1399 2442 fol.
1412 2362 1484 2429 ato.
1481 2346 1542 2446 sq.
1590 2345 1722 2422 Solent
1729 2343 1845 2419 etiam

436 2443 442 2453 '
551 2444 724 2540 dodorea
747 2440 944 2546 repudium
972 2448 1197 2535 connivere,
1220 2449 1398 2530 fimulier
1416 2457 1547 2555 sponsa
1570 2456 1844 2533 medicamenta

540 2542 750 2641 'sterilitatis
771 2559 957 2641 sumserit,
980 2561 1067 2659 quia
1086 2560 1166 2658 hec
1190 2564 1336 2643 nefario
1360 2570 1448 2647 ausu
1469 2573 1586 2649 finem
1606 2570 1841 2649 matrimonii

551 2676 811 2784 principalem,
833 2675 1012 2751 nimirum
1025 2679 1328 2778 procreationem
1346 2688 1499 2778 sobolis,
1532 2687 1743 2798 peliundata
1768 2675 1841 2765 nec

548 2824 630 2880 non
647 2799 789 2895 summe
805 2812 938 2893 peccat
953 2790 992 2868 io
1008 2797 1204 2905 proprium
1215 2823 1364 2903 corpus,
1380 2802 1665 2883 acfunnionem
1676 2801 1840 2908 partium

545 2913 736 3017 corporis,
766 2905 811 2983 ad
844 2931 956 3010 quam
984 2908 1463 3015 exercendamacreator'e
1492 2910 1646 3023 optimo.
1672 2916 1840 2997 maximo

544 3050 674 3111 creatae
691 3047 732 3098 ac
745 3020 925 3096 estimare
942 3018 1041 3108 sunt,
1073 3022 1146 3098 vid.
1157 3024 1247 3116 ·Joll·
1263 3024 1408 3130 Georg.
1428 3030 1577 3108 Nicolai
1597 3029 1703 3105 irad.
1714 3025 1759 3102 de
1772 3030 1838 3104 Re·

537 3133 621 3244 pud.
637 3138 684 3219 d*
700 3135 832 3210 Divort'.
852 3136 933 3228 Cap·
947 3159 978 3208 ι.
987 3152 1021 3229 p·
1037 3145 1089 3218 86·
1164 3138 1222 3213 De
1238 3134 1301 3214 tali
1320 3140 1489 3220 divortio
1501 3145 1540 3221 dt
1553 3139 1777 3244 questione,
1791 3165 1839 3218 an

543 3260 584 3335 in
608 3247 782 3330 divortiis
807 3247 1035 3327 matrimonii
1058 3271 1124 3349 par
1143 3250 1216 3329 elle
1235 3249 1370 3332 debeat
1388 3257 1485 3334 ratio
1507 3256 1730 3335 mulieria‘ac
1743 3253 1841 3332 viri?

541 3380 591 3455 ita
606 3365 943 3469 judicatJohannea
958 3364 1138 3446 Riolanur
1152 3366 1441 3472 Anthropograpb.
1459 3373 1531 3452 Lib.
1540 3377 1590 3452 Il.
1603 3396 1634 3453 c.
1646 3400 1695 3464 ²5·
1698 3368 1766 3470 fol.
1773 3389 1836 3466 me

539 3487 613 3567 Vir
627 3485 811 3584 judicatur
824 3479 975 3582 ineptus
989 3479 1035 3559 ad
1048 3470 1347 3584 generationem,
1356 3487 1421 3566 nist
1436 3490 1568 3593 lrabeat
1576 3486 1833 3577 artellionem,

452 3626 455 3641 ·
538 3594 861 3678 introdunionem
893 3590 935 3665 in
971 3586 1088 3668 finum
1114 3594 1400 3676 muliebrem&
1421 3597 1640 3695 eiedlionem
1664 3598 1833 3678 seminia:

537 3717 711 3813 ideoque,
728 3709 752 3785 fi
770 3709 903 3787 mulier
918 3729 1041 3783 careat
1056 3707 1237 3803 eledione
1268 3713 1433 3800 seminis,
1455 3716 1555 3794 haud
1571 3715 1683 3794 dubie
1698 3716 1831 3793 sterilia

538 3830 719 3912 censenda
735 3827 772 3904 ἃ
788 3825 937 3926 prorsus
951 3826 1181 3908 infoecunda.
1246 3833 1463 3932 Cognosces
1476 3834 1759 3930 eiaculationem
1774 3837 1828 3919 st·

536 3948 649 4027 minis
662 3968 710 4039 ex
727 3938 968 4039 voluptatein
983 3938 1209 4020 suocuffione
1223 3942 1440 4023 lumborum
1457 3946 1493 4024 dr
1501 3949 1664 4048 partium
1680 3950 1827 4052 puden·

538 4044 921 4160 narumprolulone.
969 4053 1165 4136 Sedtstuta
1180 4057 1218 4135 δι
1233 4057 1432 4161 verlipellia
1446 4062 1600 4155 mulier,
1623 4087 1708 4168 que
1720 4090 1826 4172 recu·

461 4208 470 4217 ·
535 4178 586 4260 sat
601 4173 819 4262 divortium,
835 4173 898 4249 ista
913 4170 1108 4262 limnlabit,
1125 4199 1196 4253 nee
1210 4176 1319 4254 facile
1334 4180 1456 4277 potest
1469 4180 1712 4279 deprehendi,
1728 4167 1827 4284 'quia‘
2037 4274 2040 4281 „

534 4290 636 4367 dicet
651 4289 686 4363 se
701 4284 794 4360 nihil
810 4285 993 4366 emittere,
1009 4282 1076 4360 nifi
1092 4284 1362 4386 postadionem
1380 4289 1463 4365 viri.
1512 4291 1823 4392 Qapropterist·
1896 4334 1916 4375 '.

534 4404 615 4480 hec
635 4394 739 4477 cauli
763 4391 918 4471 diuortii
934 4416 980 4471 ex
994 4415 1102 4496 parte
1121 4396 1286 4479 mulieris
1299 4401 1342 4477 in
1356 4397 1505 4482 familiis
1527 4391 1706 4485 duntaxat
1719 4394 1825 4504 prin‘·

1690 4513 1819 4629 cipum
1978 4534 1981 4538 ’
