5250 5525
782 897 909 955 tamen
925 882 1192 984 conceptione,
1206 906 1290 982 que
1303 884 1416 961 etiam
1434 882 1507 960 stne
1519 885 1629 987 penis
1645 878 2078 984 intromiffionepolsrbi·

781 988 827 1068 lis
843 993 915 1083 est,
932 996 988 1072 uti
1003 994 1052 1073 de
1074 995 1313 1098 angustislive
1328 996 1452 1085 ardis,
1481 995 1636 1075 occlulis
1652 1020 1691 1075 et
1706 996 1976 1100 imperforatis,
2006 992 2079 1071 five

781 1106 909 1183 atretis
923 1105 1058 1210 liquet,
1093 1132 1175 1209 quae
1189 1111 1312 1187 virum
1327 1107 1607 1213 absquedolore
1618 1134 1697 1187 non
1707 1110 1915 1195 admittere,
1940 1109 2080 1187 nihilo-

783 1219 909 1296 minus
946 1244 1071 1298 tamen
1107 1220 1182 1300 stne
1236 1222 1400 1325 legitima
1438 1222 1718 1302 cohabitatione
1757 1228 1961 1330 concipere
1994 1219 2082 1324 'pof-

780 1327 886 1415 sunt;
919 1329 1101 1431 liquidem
1123 1332 1213 1411 licet
1233 1335 1271 1410 in
1287 1332 1472 1431 ejusmodi
1496 1334 1719 1415 feminarum
1745 1340 1849 1416 labiis
1863 1335 2081 1442 pudendie

780 1463 890 1544 partu
909 1440 966 1518 vel
986 1442 1065 1521 aliis
1079 1442 1192 1522 causis
1205 1468 1341 1547 praeter
1356 1466 1527 1528 naturam
1541 1447 1696 1526 occlusrs
1719 1452 1778 1526 vel
1795 1452 1959 1542 coalitis,
1983 1449 2079 1524 item

782 1560 825 1639 in
842 1562 1074 1655 membrana,
1088 1565 1321 1668 quandoque
1345 1566 1484 1667 vaginae
1499 1568 1701 1645 introitum
1719 1568 1959 1656 occludente,
1975 1574 2077 1664 (quae
2166 1586 2169 1592 ·

783 1673 1002 1750 anatomicis
1018 1678 1131 1777 vulgo
1147 1675 1290 1776 hymen
1305 1675 1464 1768 dicitur,
1488 1695 1601 1777 atque
1615 1676 1806 1753 interdum
1823 1675 1905 1751 satis
1922 1673 2021 1775 spilla
2039 1670 2077 1747 δι

781 1785 890 1864 crall'a
904 1785 1111 1890 reperitur)
1122 1791 1177 1865 vel
1196 1786 1478 1889 etiaminipftus
1493 1790 1630 1890 regine
1645 1788 1768 1865 stridlo
1786 1790 1936 1872 coalitu,
1959 1787 2077 1861 inter-

693 1906 698 1916 “
783 1897 875 1976 dum
892 1900 1068 2000 equidem
1084 1925 1242 2002 parvum
1259 1899 1451 2001 quoddam
1466 1897 1854 2001 proaliqualiseminis
1869 1895 1999 1984 virilis,
2016 1894 2077 1971 vel

782 2008 948 2109 eiutdem
963 2013 1112 2115 spiritus
1126 2014 1304 2114 genitalis,
1321 2010 1555 2098 immiffione,
1572 2010 1877 2114 deprehendatur
1892 2010 2077 2100 foramen,

745 2217 749 2226 ⁸
779 2132 846 2210 vix
859 2155 984 2212 tamen
1001 2160 1020 2212 a
1041 2135 1190 2212 tantillo
1209 2134 1373 2220 seminia,
1390 2130 1614 2243 quantillum
1630 2154 1789 2232 pettam
1806 2155 1961 2236 parvum
1977 2111 2078 2209 fora-

779 2269 868 2323 men
887 2247 1107 2349 ingreditur,
1121 2248 1243 2325 multo
1259 2248 1382 2324 minus
1398 2271 1416 2322 a
1434 2246 1562 2346 spiritu
1590 2268 1823 2346 penetrante,
1855 2251 1994 2351 absque
2009 2252 2075 2326 de·

775 2353 851 2433 bita
874 2351 1050 2468 mentulae
1077 2354 1368 2447 intromiffione,
1408 2356 1513 2432 solita
1540 2355 1709 2455 voluptas
1735 2358 1960 2459 expedienda
1989 2359 2073 2436 erit.

771 2473 837 2554 Ad
863 2476 973 2551 talem
996 2497 1087 2551 vero
1106 2476 1404 2590 conceptionem
1419 2472 1641 2575 requiritur,
1667 2496 1710 2551 ut
1723 2474 1848 2551 semen
1873 2474 1914 2553 fit
1930 2476 2074 2577 prolifi-

773 2592 880 2682 cum,
896 2594 934 2673 δι
952 2595 1072 2672 statim
1094 2595 1314 2697 post-vulvae
1330 2594 1420 2670 labia
1439 2591 1497 2669 vel
1522 2591 1697 2692 proxime
1711 2591 1756 2667 ad
1772 2596 2074 2694 perforationem

712 2717 714 2720 ’
771 2703 847 2784 live
860 2729 1069 2807 aperturam
1089 2707 1295 2805 rejiciatur,
1319 2730 1368 2783 ne
1383 2702 1492 2806 iplius
1511 2699 1659 2804 spiritus
1680 2704 1822 2784 abacto
1843 2707 2074 2812 diffipentur.

771 2819 870 2899 Tale
897 2823 1111 2922 exemplum
1129 2821 1245 2897 refert
1275 2823 1405 2896 Petrus
1428 2815 1597 2894 Borellus
1619 2819 1711 2892 cent
1728 2819 1786 2894 IV.
1801 2817 1871 2920 obſs
1882 2834 1931 2898 26.
1945 2841 1983 2921 p.
2000 2853 2072 2916 ²97·

772 2934 862 3012 Sine
884 2934 1073 3034 profunda
1091 2937 1197 3034 penis
1220 2934 1445 3012 immilfrone
1463 2934 1759 3033 conceptionem
1781 2935 1862 3015 fieri
1879 2938 1992 3042 polfe,
2006 2942 2071 3018 de·

772 3047 898 3128 fendit
919 3058 1031 3129 etiam
1051 3053 1214 3130 Michael
1237 3051 1479 3129 Etnniillerus
1504 3053 1604 3147 Oper.
1631 3053 1714 3126 Tam.
1733 3057 1756 3128 I.
1765 3054 1839 3151 fol.
1863 3078 1909 3132 nr.
1934 3067 2001 3143 158.
2015 3058 2072 3138 in.¹

775 3166 926 3268 quiens:
945 3168 1092 3245 Verum
1108 3168 1178 3254 est,
1202 3165 1307 3269 quod
1325 3166 1436 3243 etiam
1453 3163 1559 3264 virgo
1568 3167 1771 3269 concipere
1784 3167 1907 3267 poffit,
1933 3172 1992 3248 cui
2008 3197 2072 3274 pe·

774 3281 833 3360 nis
853 3307 932 3360 non
955 3282 1048 3360 adeo
1066 3282 1259 3383 profunde
1275 3281 1501 3365 intruditur,
1519 3278 1555 3355 dt
1581 3281 1642 3355 cui
1657 3282 1820 3370 claustra,
1836 3310 1919 3385 qua
1936 3312 2071 3364 vocan.

773 3423 837 3481 tur
851 3399 1059 3500 virginalia,
1084 3400 1208 3477 minus
1227 3401 1265 3475 in
1283 3397 1347 3476 tali
1366 3399 1446 3473 casu
1464 3396 1693 3496 aperiuntur,
1719 3401 1838 3477 modo
1864 3426 1939 3481 tam
1957 3408 2067 3507 artili-

773 3518 874 3596 eiose
893 3521 1095 3614 ejaculetur
1105 3519 1275 3621 genitura
1298 3516 1427 3601 maris,
1449 3537 1497 3589 ne
1523 3515 1567 3590 ab
1575 3516 1666 3591 aeris
1681 3521 1827 3595 externi
1842 3521 1999 3623 ingreliu
2015 3525 2070 3601 vi.

777 3632 861 3713 tiati
878 3655 942 3711 aut
957 3633 1105 3734 spiritus
1124 3631 1293 3734 genitalis
1315 3626 1474 3731 dillipari
1498 3625 1627 3727 poffit,
1655 3630 1748 3729 quin
1771 3633 1898 3732 potius
1915 3635 1978 3712 hic
1992 3637 2070 3738 ipse

776 3769 959 3850 prompte
981 3744 1016 3823 se
1054 3747 1099 3823 in·
1119 3768 1268 3822 uterum
1290 3738 1471 3831 inlinuet,
1500 3738 1536 3817 δι
1560 3740 1608 3817 ita
1635 3741 1816 3843 virginem
1840 3749 2071 3849 impregnet.

779 3855 924 3937 Sufficit
945 3880 1036 3956 ergo
1058 3855 1103 3932 ad
1123 3855 1416 3956 conceptionem
1439 3850 1564 3928 saltem
1589 3851 1736 3952 spiritus
1757 3856 1929 3954 genitalis
1951 3865 2071 3955 maris,

778 3978 900 4057 modo
931 3998 1034 4052 extra
1057 3998 1177 4051 aerem
1205 3995 1403 4050 externum
1427 3969 1681 4073 poliitvenire
1701 3972 1741 4047 in
1770 3974 1937 4073 vaginam
1962 3983 2070 4059 uteri.

778 4098 911 4174 Refert
927 4091 1037 4168 etiam
1048 4092 1095 4168 D.
1110 4089 1190 4167 dela
1209 4090 1469 4172 Motandiere,
1487 4086 1674 4187 quendam
1689 4112 1707 4162 a
1729 4088 1925 4188 septennio
1939 4099 2072 4194 conju.

776 4204 958 4310 gatumde
972 4228 1091 4279 uxore
1099 4200 1346 4300 conquestum
1363 4197 1557 4296 else,quod
1568 4223 1759 4299 nunquam
1776 4201 1873 4278 illam
1891 4205 1987 4284 inire
1999 4236 2069 4310 po-

760 4318 915 4396 tuerit?
965 4314 1178 4391 Constituta
1211 4334 1334 4387 autem
1362 4311 1525 4411 ajudice
1552 4336 1618 4411 per
1634 4313 1847 4415 chirurgum
1870 4318 1906 4396 ἃ
1934 4345 2070 4399 metro.

782 4448 847 4505 nas
863 4424 1142 4528 exploratione,
1158 4421 1198 4499 in
1205 4420 1299 4500 dit‘ia
1313 4417 1471 4498 muliere
1487 4444 1678 4522 repertum
1695 4423 1799 4503 inilia
1812 4426 1996 4504 orificium
2007 4452 2069 4506 err-

1832 4616 1835 4621 ,
1918 4561 2071 4623 ternum
