5250 5525
783 692 831 776 64
1215 679 1319 755 semo
1372 679 1399 751 l.
1450 676 1558 775 Caput
1602 677 1624 749 l
1627 675 1657 750 l.

781 799 2078 825 —n-*Q-—n--m—-nq-——nnm

776 870 855 952 pag.
873 859 947 942 460.
961 851 1128 937 deovuli
1144 875 1190 928 ex
1205 855 1337 932 ovatio
1353 850 1551 929 secessione
1567 851 1705 934 scribit,
1721 848 1993 949 quodovulum
2006 851 2082 950 ple·

780 984 832 1038 ne
849 959 1093 1040 maturum&
1109 962 1289 1039 continua
1306 961 1469 1064 lympboe
1485 959 1687 1035 acceffione
1702 960 1868 1058 eousque
1883 959 2082 1057 irriguum,

781 1094 826 1148 ut
839 1074 976 1176 repleri
994 1071 1152 1172 amplius
1177 1097 1258 1149 non
1283 1072 1412 1175 possit,
1436 1073 1481 1148 ad
1505 1069 1683 1169 egressum
1701 1094 1748 1146 ex
1764 1068 1894 1146 ovario
1911 1064 2081 1170 paratissi-

783 1207 889 1262 mum
908 1185 966 1266 srt,
984 1185 1070 1286 quia
1084 1183 1278 1262 substantia
1294 1184 1370 1275 eius
1384 1183 1615 1286 glandrdosa,
1641 1183 1680 1258 in
1704 1183 1807 1275 cuius
1826 1181 1903 1258 sinu
1919 1183 2083 1281 gignitur

775 1295 823 1374 ¹&
837 1295 1034 1385 adolescit,
1052 1293 1221 1372 debiturn
1240 1295 1341 1371 uada
1358 1297 1655 1375 incrementum,
1673 1291 2082 1396 papillasuamagisma·

738 1394 758 1441 ·’
783 1404 914 1505 gisque
930 1405 1143 1495 extuberat,
1160 1405 1195 1482 ἃ
1212 1405 1438 1482 ambientem
1455 1405 1575 1481 orarii
1591 1405 1756 1480 tunicam
1774 1404 1949 1506 paulatim
1964 1399 2084 1478 emol-

785 1513 830 1592 lit
846 1517 883 1594 δι
904 1516 1089 1619 perfodit,
1104 1515 1278 1617 retradaq
1286 1541 1334 1592 ue
1348 1517 1413 1592 sub
1422 1517 1507 1592 aestu
1517 1515 1860 1593 venereofibrarum
1872 1513 2085 1591 matricium

785 1627 1059 1714 contradione,
1074 1626 1193 1704 smum
1210 1629 1315 1704 suurn
1333 1627 1451 1728 aperit
1466 1627 1503 1702 dr
1513 1652 1580 1727 per
1595 1627 1705 1721 buius
1720 1630 1914 1729 ovariique
1929 1628 2084 1706 hiatum,

783 1741 944 1830 oxulum
967 1740 1163 1834 adiuvante
1188 1740 1307 1814 niduli
1322 1738 1569 1833 hujuafibrosr
1592 1739 1874 1832 constridiione,
1896 1766 1969 1840 qua
1989 1762 2082 1813 con·

786 1851 899 1927 tracia
914 1850 1109 1949 avulsaque
1125 1851 1285 1938 vascula,
1302 1852 1471 1949 aquibus
1486 1849 1578 1926 illud
1597 1853 1757 1952 pendet,
1779 1850 1853 1927 fine
1867 1851 1976 1927 ullius
1992 1845 2083 1925 effu·

783 1958 888 2049 saone
905 1962 1002 2038 succi
1018 1959 1118 2036 idem
1134 1959 1336 2037 dimittunt
1348 1961 1499 2037 illesum
1515 1960 1552 2037 &
1568 1962 1775 2062 virgineum
1798 1963 1841 2040 in
1864 1960 2084 2037 ovidudlum

784 2070 943 2173 expellit
956 2070 1212 2172 &protrudie
1249 2076 1379 2172 Etpog.
1392 2083 1467 2167 465.
1483 2075 1609 2176 inquit
1623 2077 1741 2153 idem:
1766 2078 1962 2154 hicmotus
1978 2073 2085 2151 ovuli

787 2203 893 2259 totus
905 2206 928 2257 a
941 2182 1153 2258 maturitate
1167 2182 1245 2277 ejus
1260 2181 1297 2258 δι
1310 2182 1487 2260 fibrarum
1505 2187 1740 2273 motricIum,
1756 2210 1844 2261 cum
1860 2176 2012 2288 petio'li,
2024 2180 2085 2258 vel

789 2292 928 2388 calycis
944 2291 1220 2386 ejuevasculofi,
1236 2315 1317 2367 tum
1334 2290 1441 2393 ipfius
1451 2296 1569 2370 ovarii
1579 2296 1794 2394 &corporis
1809 2295 2029 2397 glandulost,
2043 2319 2084 2370 ac

789 2398 1023 2476 fimbriarum
1045 2402 1336 2479 musculosarum
1355 2396 1553 2480 ovidudlus
1576 2409 1617 2481 in
1639 2409 1725 2482 aestu
1748 2434 1911 2485 venereo
1930 2404 2083 2499 constri-

786 2511 917 2590 clione
931 2511 1130 2615 dependet.
1181 2517 1225 2589 ln
1240 2514 1390 2591 semine
1406 2540 1473 2618 per
1488 2540 1648 2616 quatuor
1662 2518 1840 2597 mensium
1852 2521 2006 2622 spatium
2015 2516 2084 2592 soe·

790 2647 873 2702 tum
888 2624 929 2699 in
943 2648 1053 2702 utero
1066 2629 1231 2738 gerentis
1243 2649 1358 2799 atque
1373 2625 1563 2704 submersae
1578 2630 1738 2709 sedione
1760 2635 1906 2735 publica
1923 2633 2084 2724 ejusmo-

792 2721 835 2799 di
850 2720 1136 2800 excrescentium
1152 2724 1286 2825 glandu
1305 2724 1405 2801 osam
1422 2724 1461 2800 in
1477 2727 1606 2802 ovario
1622 2729 1764 2807 sinistro
1780 2733 1911 2805 leviter
1927 2731 2084 2803 adbaere·

791 2835 955 2912 scentem
967 2834 1192 2932 seinvenisse
1203 2834 1515 2929 refertlobannes
1526 2840 1721 2916 Mauritius
1730 2836 1982 2915 Hoffmannus
1998 2837 2085 2935 l'lty·

780 2948 1026 3045 fiol.Anatom.
1042 2949 1123 3023 Sed.
1133 2948 1252 3047 Xllb
1260 2979 1293 3040 7.
1295 2968 1379 3047 paz
1389 2947 1469 3048 seq.
1519 2951 1732 3036 Secundum
1751 2952 2084 3030 sentcntiamErnu·

784 3058 908 3136 nuelis
924 3057 1085 3158 Koenigii
1105 3061 1207 3156 xegn.
1222 3060 1361 3134 anirnal.
1378 3061 1456 3134 Sed
1476 3064 1501 3134 I.
1516 3061 1594 3134 Art.
1611 3086 1656 3151 ¹7·
1666 3081 1702 3159 p.
1717 3088 1761 3138 m.
1777 3088 1831 3155 77.
1855 3064 1952 3139 tubae
1967 3062 2103 3137 Falso.

787 3171 907 3277 pianae
922 3195 1039 3246 oxum
1056 3195 1257 3271 exceptum
1268 3171 1312 3248 ad
1323 3171 1635 3258 uterumducunt,
1649 3199 1834 3273 quatenus
1843 3174 1965 3253 semen
1975 3202 2083 3252 uteru

788 3281 967 3379 injedlum
982 3280 1226 3385 sanguinique
1241 3282 1566 3358 communicatum
1581 3282 1684 3358 hunc
1698 3283 2084 3386 &spiritusimmutaq
2172 3340 2176 3346 -

786 3417 832 3474 ut
849 3394 893 3472 ad
909 3394 1079 3471 ovarium
1093 3393 1230 3471 sorcius
1245 3416 1288 3469 ac
1303 3394 1538 3495 peculiariter
1559 3395 1787 3495 appellentes
1805 3420 1919 3473 ovum
1935 3397 2082 3473 foecun-

789 3506 920 3583 datum
935 3501 981 3577 ad
996 3499 1138 3592 exitum
1155 3501 1375 3605 disponant,
1389 3501 1479 3579 dum
1496 3501 1706 3601 glandulosa
1732 3504 1879 3580 materia
1894 3502 2018 3580 senfirn
2036 3527 2083 3580 ex

792 3615 1058 3698 immutatione
1073 3616 1191 3692 ovulo
1208 3616 1416 3693 accrescens
1431 3615 1523 3700 illud
1539 3616 1707 3701 exomni
1726 3643 1828 3719 parte
1843 3620 2081 3720 comprimit,

790 3758 834 3810 ac
850 3755 919 3833 per
934 3723 1104 3806 foramen
1120 3727 1157 3807 &
1173 3730 1345 3832 papillam
1369 3728 1595 3831 peculiarem
1618 3755 1666 3805 ex
1687 3732 1765 3828 ejus
1788 3732 1917 3830 mediq
1934 3734 2083 3839 conspi-

737 3881 743 3892 ·
791 3864 901 3918 cuam
916 3837 956 3928 in
974 3836 1079 3913 tubas
1094 3838 1322 3941 excipiendo
1339 3864 1417 3915 ovo
1430 3839 1702 3943 aptasexpellit.
1756 3837 2084 3936 SiclustusSclrra·

791 3950 904 4027 derue
920 3942 1058 4044 Praefar.
1072 3947 1109 4021 in
1125 3949 1215 4023 Guil.
1232 3954 1343 4026 Harv.
1364 3950 1479 4049 Olrfa.
1493 3952 1524 4050 li.
1539 3952 1682 4053 inquit:
1707 3976 1785 4028 ovo
1802 3951 1846 4029 ad
1862 3954 2003 4031 exitum
2020 3958 2082 4034 de·

791 4064 928 4137 stinato
945 4058 1044 4164 circa
1068 4059 1250 4136 ambitum
1272 4063 1310 4139 da
1326 4089 1345 4137 a
1355 4064 1495 4164 postica
1511 4086 1615 4165 parte
1629 4064 1805 4141 accrescit
1819 4067 2081 4167 corpusculum

793 4170 947 4271 aliquod
961 4169 1157 4264 fibrosum,
1180 4172 1285 4274 quod
1303 4174 1478 4274 paulatim
1492 4171 1685 4254 adauclum
1702 4200 1816 4251 ovum
1835 4174 1960 4254 sensim
1977 4204 1998 4253 c
2016 4178 2080 4256 suo

788 4284 938 4363 alveolo
951 4281 1148 4384 exprimit,
1162 4282 1355 4386 protrudit
1368 4285 1511 4365 &foras
1520 4307 1645 4392 urget,
1660 4288 1942 4366 donectandem
1954 4289 2081 4367 solutis

1174 4426 1177 4434 ·
1870 4435 1872 4440 ·
1953 4423 2083 4478 vincu-
